title,author,pages,year,publisher,journal,doi,url,issn,ENTRYTYPE,ID,month,number,volume,isbn,booktitle,editor,address,note,school,organization,organisation,keywords,copyright,type,version,language,downloaded,downloaded_url
Electronic Waste and the Environmental Justice Challenge in Agbogbloshie,"Akese, Grace A. and Little, Peter C.",77--83,2018,Mary Ann Liebert Inc,Environmental Justice,10.1089/env.2017.0039,http://dx.doi.org/10.1089/env.2017.0039,1937-5174,article,akese2018envjustice,,,,,,,,,,,,,,,,,failed,
A crustal scarcity indicator for long-term global elemental resource assessment in LCA,"Arvidsson, Rickard and S\""{o}derman, Maria Ljunggren and Sand\'{e}n, Bj\""{o}rn A. and Nordel\""{o}f, Anders and others",,2020,,The International Journal of Life Cycle Assessment,10.1007/s11367-020-01781-1,{https://dx.doi.org/10.1007/s11367-020-01781-1},,article,arvidsson2020csi,,,,,,,,,,,,,,,,,success,https://link.springer.com/content/pdf/10.1007/s11367-020-01781-1.pdf
Metals recycling: economic and environmental implications,"Ayres, Robert U",,1997,,"Resources, Conservation and Recycling",10.1016/s0921-3449(97)00033-5,{https://doi.org/10.1016/s0921-3449(97)00033-5},,article,ayres1997recycling,,,,,,,,,,,,,,,,,failed,
"The second law, the fourth law, recycling and limits to growth","Ayres, Robert U",,1999,,Ecological Economics,10.1016/s0921-8009(98)00098-6,{https://doi.org/10.1016/s0921-8009(98)00098-6},,article,ayres1998recycling,,,,,,,,,,,,,,,,,failed,
"Mineral resources in life cycle impact assessment: part II
--- recommendations on application-dependent use of existing methods and on future
method development needs","Berger, Markus and Sonderegger, Thomas and Alvarenga, Rodrigo and Bach, Vanessa and Cimprich, Alexander and Dewulf, Jo and Frischknecht, Rolf and Guinée, Jeroen and Helbig, Christoph and Huppertz, Tom and Jolliet, Olivier and Motoshita, Masaharu and Northey, Stephen and Peña, Claudia A. and Rugani, Benedetto and Sahnoune, Abdelhadi and Schrijvers, Dieuwertje and Schulze, Rita and Sonnemann, Guido and Valero, Alicia and Weidema, Bo P. and Young, Steven B.",798--813,2020,Springer Science and Business Media LLC,The International Journal of Life Cycle Assessment,10.1007/s11367-020-01737-5,{http://doi.org/10.1007/s11367-020-01737-5},1614-7502,article,berger2020mineralsinlca,February,4,25,,,,,,,,,,,,,,success,https://link.springer.com/content/pdf/10.1007/s11367-020-01737-5.pdf
The Paradox of Green Growth: Challenges and Opportunities in Decarbonizing the Lithium-Ion Supply Chain,"Berry, Chris",107--123,2023,Springer Nature Switzerland,,10.1007/978-3-031-25577-9_6,{http://dx.doi.org/10.1007/978-3-031-25577-9_6},2215-0064,incollection,berry2023crm,,,,9783031255779,"Critical Minerals, the Climate Crisis and the Tech Imperium","Kalantzakos, Sophia",,,,,,,,,,,failed,
Life cycle assessment of the French municipal solid waste incineration sector,"Beylot, A. and Muller, S. and Descat, M. and M\'{e}nard, Y. and others",,2018,,Waste Management,10.1016/j.wasman.2018.08.037,{https://doi.org/10.1016/j.wasman.2018.08.037},,article,beylot2018,,,,,,,,,,,,,,,,,failed,
Waste LCA and the future,"Bisinella, V. and Schmidt, S. and Varling, A.S. and Laner, D. and others",53--75,2024,Elsevier {BV},Waste Management,10.1016/j.wasman.2023.11.021,{http://doi.org/10.1016/j.wasman.2023.11.021},0956-053x,article,bisinella2024wastelca,,,,,,,,,,,,,,,,,failed,
Assessing the sustainability of emerging technologies: A probabilistic LCA method applied to advanced photovoltaics,"Blanco, Carlos F. and Cucurachi, Stefano and Guinée, Jeroen B. and Vijver, Martina G. and others",,2020,Elsevier {BV},Journal of Cleaner Production,10.1016/j.jclepro.2020.120968,{http://doi.org/10.1016/j.jclepro.2020.120968},0959-6526,article,blanco2020exante,,,,,,,,,,,,,,,,,failed,
Analysing European Union circular economy policies: words versus actions,Martin {Calisto Friant} and Walter J.V. Vermeulen and Roberta Salomone,,2021,,Sustainable Production and Consumption,10.1016/j.spc.2020.11.001,{https://doi.org/10.1016/j.spc.2020.11.001},,article,calistofriant2021ce,,,,,,,,,,,,,,,,,failed,
EN 15804 Sustainability of construction works - Environmental product declarations - Core rules for the product category of construction products,{CEN (European Committee for Standardization)},,2019,,,,{https://standards.cencenelec.eu/dyn/www/f?p=205:7:0::::FSP_ORG_ID:481830&cs=1F34565A9E5B582575682802C33AE3275},,misc,cen2019en15804,,,,,,,,,,,,,,,,,failed,
Uncertainty caused by life cycle impact assessment methods: Case studies in process-based LCI databases,"Chen, Xiaoju and Matthews, H. Scott and Griffin, W. Michael",,2021,,"Resources, Conservation and Recycling",10.1016/j.resconrec.2021.105678,{http://doi.org/10.1016/j.resconrec.2021.105678},,article,chen2021methoduncertainty,,,,,,,,,,,,,,,,,failed,
Overview of environmental footprints,"{\v{C}}u{\v{c}}ek, Lidija and Kleme{\v{s}}, Ji{\v{r}}í Jaromír and Kravanja, Zdravko",131--193,2015,Butterworth-Heinemann,,10.1016/b978-0-12-799968-5.00005-1,{http://doi.org/10.1016/B978-0-12-799968-5.00005-1},,incollection,cucek2015environmentalfootprints,,,,978-0-12-799968-5,Assessing and Measuring Environmental Impact and Sustainability,Ji{\v{ř}}{\v{í}} Jarom{\v{í}}r Kleme{\v{š}},Oxford,,,,,,,,,,failed,
Ex-ante LCA of Emerging Technologies,"Cucurachi, Stefano and van der Giesen, Coen and Guinée, Jeroen",463--468,2018,Elsevier {BV},Procedia CIRP,10.1016/j.procir.2017.11.005,{http://doi.org/10.1016/j.procir.2017.11.005},2212-8271,article,cucurachi2018exante,,,,,,,,,,,,,,,,,failed,
Quantifying the relationship between the waste footprint and environmental impact of products,"Demirer, D. Demir",,2019,,,,{https://urn.kb.se/resolve?urn=urn:nbn:se:kth:diva-263130},,misc,demirer2019wastefootprint,,,,,,,"Stockholm, Sweden",Master thesis,"KTH Royal Institute of Technology, School of Architecture and the Built Environment, Department of Sustainable Development, Environmental Science and Engineering",,,,,,,,failed,
Doka LCA --- Publications,"Doka, Gabor",,2024,,,,{https://www.doka.ch/publications.htm},,misc,doka2024publications,,,,,,,,(Accessed on 01/24/2024),,,,,,,,,failed,
"Current status of carbon capture, utilization, and storage technologies in the global economy: A survey of technical assessment","Dziejarski, Bartosz and Krzyżyńska, Renata and Andersson, Klas",127776,2023,Elsevier,Fuel,10.1016/j.fuel.2023.127776,{https://doi.org/10.1016/j.fuel.2023.127776},0016-2361,article,dziejarski2023ccs,,,,,,,,,,,,,,,,,failed,
The ecoinvent database version 3 (part I): overview and methodology,"Wernet, Gregor and Bauer, Christian and Steubing, Bernhard and Reinhard, Jürgen and others",,2016,,The International Journal of Life Cycle Assessment,10.1007/s11367-016-1087-8,{http://doi.org/10.1007/s11367-016-1087-8},,article,ecoinvent2016version3,,,,,,,,,,,,,,,,,failed,
Towards a circular economy: Business rationale for an accelerated transition,{Ellen MacArthur Foundation},,2015,,,,{https://www.ellenmacarthurfoundation.org/towards-a-circular-economy-business-rationale-for-an-accelerated-transition},,misc,ellenmacarthur2015ce,,,,,,,,,,,,,,,,,failed,
{Directive 2002/96/{EC} Of The EuropeBlancoan Parliament and of The Council of 27 January 2003 on waste electrical and electronic equipment (WEEE)},{European Commission},,2003,,,,{https://eur-lex.europa.eu/legal-content/EN/TXT/?uri=CELEX:32002L0096},,misc,eu2003weee,,,,,,,,,,{European Commission},,,,,,,failed,
{Directive 2008/98/{EC} of the European Parliament and of the Council of 19 November 2008 on waste and repealing certain Directives (Text with EEA relevance)},{European Commission},,2008,,,,{https://eur-lex.europa.eu/legal-content/EN/TXT/PDF/?uri=CELEX:32008L0098},,misc,eu2008wastedirective,,,,,,,,,,{European Commission},,,,,,,failed,
{Directive 2012/19/EU of the European Parliament and of the council of 4 July 2012 on waste electrical and electronic equipment (WEEE) text with EEA relevance},{European Commission},,2012,,,,{https://eur-lex.europa.eu/legal-content/EN/TXT/?uri=CELEX:32012L0019},,misc,eu2012weee,,,,,,,,,,{European Commission},,,,,,,failed,
{Directive 2012/19/EU of the European Parliament and of the council of 4 July 2012 on waste electrical and electronic equipment (WEEE) (recast)},{European Commission},,2012,,,,{https://eur-lex.europa.eu/legal-content/EN/TXT/?uri=CELEX:32012L0019},,misc,eu2012weeerecast,,,,,,,,,,{European Commission},,,,,,,failed,
Remanufacturing market study,"Parker, David and Riley, Kate and Robinson, Seigo and Symington, Harry and others",,2015,,,,{https://www.remanufacturing.eu/assets/pdfs/remanufacturing-market-study.pdf},,misc,eu2015reman,,,,,,,,,,,{European Remanufacturing Network (ERN)},,,,,,failed,
"Communication from the Commission to the European Parliament, the Council, the European Economic and Social Committee and the Committee of the Regions on a Monitoring Framework for the Circular Economy",,,2018,,,,{https://eur-lex.europa.eu/legal-content/EN/TXT/?qid=1516265440535&uri=COM:2018:29:FIN},,misc,eu2018cemonitoring,,,,,,,,COM (2018) 29 Final,,,,,,,,,failed,
{The European Green Deal},{European Commission},,2019,,,,{https://eur-lex.europa.eu/legal-content/EN/TXT/?uri=COM:2019:640:FIN},,misc,eu2019greendeal,,,,,,,,,,European Commission,,,,,,,failed,
A New Circular Economy Action Plan For a Cleaner and More Competitive Europe,{European Commission},,2020,,,10.2779/05068,{https://doi.org/10.2779/05068},,misc,eu2020circ,,,,,,,,,,{European Commission},,,,,,,failed,
{3rd Raw Materials Scoreboard --- European innovation partnership on raw materials},"{European Commission and Directorate-General for Internal Market, Industry, Entrepreneurship and SMEs}",,2021,,,10.2873/567799,{https://doi.org/doi/10.2873/567799},,misc,eu2021crmscoreboard,,,,,,,,,,{European Commission},,,,,,,failed,
{Proposal for Ecodesign for Sustainable Products Regulation: Establishing a framework for setting ecodesign requirements for sustainable products and repealing Directive 2009/125/EC},{European Commission},,2022,,,,{https://environment.ec.europa.eu/publications/proposal-ecodesign-sustainable-products-regulation_en},,misc,eu2022ecodesign,,,,,,,,,,{European Commission},,,,,,,failed,
{Product reparability scoring system: Specific application to smartphones and slate tablets},"Alfieri, Felice and La Placa, Maria Grazia and others",,2022,"European Commission, Joint Research Centre (JRC)",,10.2760/340944,{https://data.europa.eu/doi/10.2760/340944},,misc,eu2022repair,,,,,,,,,,{European Commission},,,,,,,failed,
"{Commission Staff Working Document: Measuring Progress towards Circular Economy in the European Union --- Key Indicators for a Revised Monitoring Framework Accompanying the Document Communication from the Commission to the European Parliament, the Council, the European Economic and Social Committee and the Committee of the Regions on a Revised Monitoring Framework for the Circular Economy}",{European Commission},,2023,,,,{https://eur-lex.europa.eu/legal-content/EN/TXT/PDF/?uri=CELEX:52023SC0306},,misc,eu2023cemonitoring,,,,,,,,SWD/2023/306 final,,{European Commission},,,,,,,failed,
{European Critical Raw Materials Act},{European Commission},,2023,,,,{https://single-market-economy.ec.europa.eu/publications/european-critical-raw-materials-act\%5Fen},,misc,eu2023crmact,,,,,,,,,,{European Commission},,,,,,,failed,
{Questions and Answers: The European Critical Raw Materials Act},{European Commission},,2023,,,,{https://ec.europa.eu/commission/presscorner/detail/en/qanda\%5FF23\%5FF1662},,online,eu2023crmqna,,,,,,,,,,{European Commission},,,,,,,failed,
{Study on the critical raw materials for the {EU} 2023 --- Final report},{European Commission and DG-GROW},,2023,{Publications Office of the European Union},,10.2873/725585,{https://doi.org/10.2873/725585},,misc,eu2023crmstudy,,,,,,,,,,{European Commission},,,,,,,failed,
{Updated characterisation and normalisation factors for the environmental footprint 3.1 method (EF)},"{Andreasi Bassi, S and Biganzoli, F and Ferrara, N and others}",,2023,{Publications Office of the European Union},,doi/10.2760/798894,{https://doi.org/10.2760/798894},,misc,eu2023ef,,,,,,,,,,{Joint Research Centre (JRC) and European Commission},,,,,,,failed,
{Documentation of changes implemented in the ecoinvent database v3.10},"FitzGerald, D and Bourgault, G and Vadenbo, C and Sonderegger, T and others",,2023,,database,,{https://ecoinvent.org/wp-content/uploads/2023/11/Change-Report-v3.10.pdf},,article,fitzgerald2023ecoinventdocumentation,,,,,,,,,,,,,,,,,failed,
{Swiss Eco-Factors 2021 according to the Ecological Scarcity Method: Methodological fundamentals and their application in Switzerland},{Swiss Federal Office for the Environment (FOEN)},,2021,,,,{https://www.bafu.admin.ch/bafu/en/home/topics/economy-consumption/economy-and-consumption-publications/publications-economy-and-consumption/eco-factors-switzerland.html},,misc,foen2021ecofactors,,,,,,,,,,"Federal Office for the Environment, Bern",,,,,,,failed,
Footprints to nowhere,"Giampietro, Mario and Saltelli, Andrea",610--621,2014,Elsevier {BV},Ecological Indicators,10.1016/j.ecolind.2014.01.030,{http://doi.org/10.1016/j.ecolind.2014.01.030},1470-160x,article,giampietro2014footprintstonowhere,,,,,,,,,,,,,,,,,failed,
From elite folk science to the policy legend of the circular economy,Mario Giampietro and Silvio O. Funtowicz,,2020,Elsevier {BV},Environmental Science \& Policy,10.1016/j.envsci.2020.04.012,{https://doi.org/10.1016/j.envsci.2020.04.012},,article,giampietro2020cecritique,,,,,,,,,,,,,,,,,failed,
The prospects for urban mining,"Graedel, Thomas E",43--50,2011,Citeseer,Bridge,,{https://citeseerx.ist.psu.edu/document?repid=rep1&type=pdf&doi=3b07186f928bd4368b4db9d291683292d94b3723#page=45},,article,graedel2011urbanmine,,1,41,,,,,,,,,,,,,,failed,
On the materials basis of modern society,T. E. Graedel and E. M. Harper and N. T. Nassar and others,,2015,,Proceedings of the National Academy of Sciences,10.1073/pnas.1312752110,{https://doi.org/10.1073/pnas.1312752110},,article,graedel2015materials,,,,,,,,,,,,,,,,,failed,
{Quantifying plastic use and waste footprints in SIDS: Application to Seychelles},"Guillotreau, Patrice and Antoine, Sharif and Kante, Fatime and Perchat, Katrin",138018,2023,Elsevier {BV},Journal of Cleaner Production,10.1016/j.jclepro.2023.138018,{http://doi.org/10.1016/j.jclepro.2023.138018},0959-6526,article,guillotreau2023wastefootprint,,,,,,,,,,,,,,,,,success,https://ird.hal.science/ird-04304176/document
Handbook on life cycle assessment. Operational guide to the ISO standards. I: LCA in perspective. IIa: Guide. IIb: Operational annex. III: Scientific background,J. B. Guin\'{e}e and M. Gorr\'{e}e and R. Heijungs and others,,2002,,,,{https://www.universiteitleiden.nl/en/research/research-projects/science/cml-new-dutch-lca-guide},,misc,guinee2002cml,,,,,,,,,,,,,,,,,failed,
Economic Allocation: Examples and Derived Decision Tree,"Guin\'{e}e, J. B. and Heijungs, R. and Huppes, G.",,2004,,International Journal of Life Cycle Assessment,10.1007/BF02978533,{https://doi.org/10.1007/BF02978533},,article,guinee2004economicallocation,,,,,,,,,,,,,,,,,success,https://scholarlypublications.universiteitleiden.nl/access/item%3A2723986/view
"Life Cycle Assessment: Past, Present, and Future","Guinée, Jeroen B. and Heijungs, Reinout and Huppes, Gjalt and Zamagni, Alessandra and others",90--96,2010,American Chemical Society (ACS),Environmental Science \& Technology,10.1021/es101316v,{http://doi.org/10.1021/es101316v},1520-5851,article,guinee2011lca,,,,,,,,,,,,,,,,,failed,
Waste is not a service,"Guinée, Jeroen B. and Heijungs, Reinout",1538--1540,2021,Springer Science and Business Media LLC,The International Journal of Life Cycle Assessment,10.1007/s11367-021-01955-5,{http://doi.org/10.1007/s11367-021-01955-5},1614-7502,article,guinee2021wasteisnotaservice,,,,,,,,,,,,,,,,,success,https://link.springer.com/content/pdf/10.1007/s11367-021-01955-5.pdf
REMIND - REgional Model of INvestments and Development,"Luderer, Gunnar and Bauer, Nico and Baumstark, Lavinia and Bertram, Christoph and others",,2023,Zenodo,,10.5281/zenodo.10887223,{https://zenodo.org/record/3730918},,misc,gunnar2023remind,,,,,,,,,,,,"energy, economy, modeling",GNU Affero General Public License v3.0 or later,,,,failed,
Circular economy as crisis response: A primer,"Hartley, Kris and Baldassarre, Brian and Kirchherr, Julian",,2024,,Journal of Cleaner Production,10.1016/j.jclepro.2023.140140,{https://doi.org/10.1016/j.jclepro.2023.140140},,article,hartley2024cepolitics,,,,,,,,,,,,,,,,,failed,
Spatial differentiation in life cycle impact assessment - the {EDIP}-2003 methodology. Guidelines from the Danish {EPA},Michael Zwicky Hauschild and Jos{\'e} Potting,1--195,2004,Danish Environmental Protection Agency,,10.1016/j.jclepro.2023.140140,{https://api.semanticscholar.org/CorpusID:113556375},,inproceedings,hauschild2003edip,,,,,Environmental News,,,,,,,,,,,,failed,
Life-cycle assessment to guide solutions for the triple planetary crisis,"Hellweg, Stefanie and Benetto, Enrico and Huijbregts, Mark A. J. and Verones, Francesca and others",,2023,,Nature Reviews Earth \& Environment,10.1038/s43017-023-00449-2,{https://doi.org/10.1038/s43017-023-00449-2},,article,hellweg2023lca,,,,,,,,,,,,,,,,,failed,
Challenges and opportunities of the European Critical Raw Materials Act,"Hool, Alessandra and Helbig, Christoph and Wierink, Gijsbert",,2023,,Mineral Economics,10.1007/s13563-023-00394-y,{https://doi.org/10.1007/s13563-023-00394-y},,article,hool2023crm,,,,,,,,,,,,,,,,,success,https://link.springer.com/content/pdf/10.1007/s13563-023-00394-y.pdf
Cumulative Energy Demand As Predictor for the Environmental Burden of Commodity Production,"Huijbregts, Mark A. J. and Hellweg, Stefanie and Frischknecht, Rolf and Hendriks, Harrie W. M. and others",,2010,American Chemical Society (ACS),Environmental Science \& Technology,10.1021/es902870s,{http://doi.org/10.1021/es902870s},,article,huijbregts2010energyfootprint,,,,,,,,,,,,,,,,,success,https://repository.ubn.ru.nl//bitstream/handle/2066/92582/92582.pdf
{ReCiPe2016}: a harmonised life cycle impact assessment method at midpoint and endpoint level,"Huijbregts, Mark A. J. and Steinmann, Zoran J. N. and Elshout, Pieter M. F. and Stam, Gea and others",,2016,,The International Journal of Life Cycle Assessment,10.1007/s11367-016-1246-y,{https://doi.org/10.1007/s11367-016-1246-y},,article,huijbregts2016recipe,,,,,,,,,,,,,,,,,failed,
{ReCiPe2016} : A harmonized life cycle impact assessment method at midpoint and endpoint level Report I: Characterization,Huijbregts MAJ and Steinmann ZJN and Elshout PMF and Stam G and others,,2016,Rijksinstituut voor Volksgezondheid en Milieu RIVM,,,,,misc,huijbregts2016recipereport,,,,,,,,,,,,,,,,,failed,
World Energy Outlook 2022,{International Energy Agency -- IEA},,2022,,,,{https://iea.blob.core.windows.net/assets/830fe099-5530-48f2-a7c1-11f35d510983/WorldEnergyOutlook2022.pdf},,misc,iea2022worldenergyoutlook,,,,,,,,,,International Energy Agency -- IEA,,,,,,,failed,
Critical Minerals Market Review 2023,International Energy Agency -- IEA,,2023,,,,{https://www.iea.org/reports/critical-minerals-market-review-2023},,misc,iea2023crm,,,,,,,,,,International Energy Agency -- IEA,,,,,,,failed,
Critical Minerals Demand Dataset,International Energy Agency -- IEA,,2023,,,,{https://www.iea.org/data-and-statistics/data-product/critical-minerals-demand-dataset},,dataset,iea2023crmdata,,,,,,,,,,International Energy Agency -- IEA,,,,,,,failed,
Energy Technology Perspectives 2023,International Energy Agency -- IEA,,2023,,,10.1787/7c6b23db-en,{https://www.oecd-ilibrary.org/energy/energy-technology-perspectives-2023_7c6b23db-en},,misc,iea2023energytechperspectives,,,,,,,,,,International Energy Agency -- IEA,,,,,,,failed,
The Waste Absorption Footprint {(WAF)}: A methodological note on footprint calculations,"Jiao, Wenjun and Min, Qingwen and Cheng, Shengkui and Li, Wenhua",356--360,2013,Elsevier {BV},Ecological Indicators,10.1016/j.ecolind.2013.05.024,{http://doi.org/10.1016/j.ecolind.2013.05.024},1470-160x,article,jaio2013wasteabsorbtionfootprint,,,,,,,,,,,,,,,,,failed,
Global Energy and Climate Outlook 2022: Energy trade in a decarbonised world,"Keramidas, K and Fosse, F and Diaz, Rincon A and Dowling, P and others",,2022,Publications Office of the European Union,,10.2760/863694,{https://doi.org/10.2760/863694},,misc,jrc2022energyclimateoutlook,,,,,,,,,,Joint Research Centre {(JRC)} and European Commission,,,,,,,failed,
Supply chain analysis and material demand forecast in strategic technologies and sectors in the {EU} --- A foresight study,"Carrara, Stefano and Bobba, Silvia and Blagoeva, Darina and Alves Dias, Patricia and others",,2023,Publications Office of the European Union,,10.2760/334074,{https://doi.org/10.2760/334074},,misc,jrc2023supplychain,,,,,,,,,,Joint Research Centre {(JRC)} and European Commission,,,,,,,failed,
Supply chain analysis and material demand forecast in strategic technologies and sectors in the {EU} --- A foresight study,Carrara Samuel and Bobba Silvia and Blagoeva Darina and Alves Dias Patricia and others,,2023,Publications Office of the European Union,,10.5281/zenodo.7736782,{https://doi.org/10.5281/zenodo.7736782},,misc,jrc2023supplychaindata,,,,,,,,,,Joint Research Centre (JRC) and European Commission,,,,,,,failed,
"Critical Minerals, the Climate Crisis and the Tech Imperium",,,2023,Springer Nature Switzerland,Archimedes,10.1007/978-3-031-25577-9,{https://doi.org/10.1007/978-3-031-25577-9},2215-0064,book,kalantzakos2023crm,,,,9783031255779,,"Kalantzakos, Sophia",,,,,,,,,,,failed,
Limitations of Carbon Footprint as Indicator of Environmental Sustainability,"Laurent, Alexis and Olsen, Stig I. and Hauschild, Michael Z.",,2012,American Chemical Society (ACS),Environmental Science \& Technology,10.1021/es204163f,{http://doi.org/10.1021/es204163f},,article,laurenti2012carbonfootprint,,,,,,,,,,,,,,,,,failed,
Calculating the pre-consumer waste footprint: A screening study of 10 selected products,"Laurenti, Rafael and Moberg, \AA{}sa and Stenmarck, \AA{}sa",,2016,,Waste Management \& Research: The Journal for a Sustainable Circular Economy,10.1177/0734242x16675686,{https://doi.org/10.1177/0734242x16675686},,article,laurenti2016wastefootprint,,,,,,,,,,,,,,,,,failed,
"Analyzing the relationship between product waste footprints and environmental damage --- A life cycle analysis of 1,400+ products","Laurenti, R. and Demirer Demir, D. and Finnveden, G.",,2023,,Science of The Total Environment,10.1016/j.scitotenv.2022.160405,{https://doi.org/10.1016/j.scitotenv.2022.160405},,article,laurenti2023wastefootprint,,,,,,,,,,,,,,,,,failed,
Implementing the material footprint to measure progress towards Sustainable Development Goals 8 and 12,"Lenzen, Manfred and Geschke, Arne and West, James and Fry, Jacob and others",157--166,2021,Springer Science and Business Media LLC,Nature Sustainability,10.1038/s41893-021-00811-6,{http://doi.org/10.1038/s41893-021-00811-6},2398-9629,article,lenzen2022materialfootprint,,,,,,,,,,,,,,,,,success,https://research.wu.ac.at/files/19742957/Lenzen%20et%20al%202021_accepted%20manuscript.pdf
Security of supply and scarcity of raw materials: Towards a methodological framework for sustainability assessment,"Mancini, Lucia and De Camillis, Camillo and Pennington, David",,2013,Publications Office of the European Union,,10.2788/94926,{https://doi.org/10.2788/94926},,misc,mancini2013supplysecurity,,,,,,,,,,Joint Research Centre (JRC) and European Commission,,,,,,,failed,
{T-reX documentation},Stewart Charles McDowall,,2023,,,,{https://T-reX.readthedocs.io/en/latest/index.html},,manual,mcdowall2023T-reXdocs,,,,,,,,(Accessed on 01/04/2024),,,,,,,,,failed,
{T-reX · PyPI},Stewart Charles McDowall and Elizabeth Lanphear,,2023,,,,{https://pypi.org/project/T-reX/},,misc,mcdowall2023T-reXpipy,,,,,,,,(Accessed on 01/04/2024),,,,,,,,,failed,
{T-reX},"McDowall, Stewart Charles and Lanphear, Elizabeth",,2023,Zenodo,,,{https://zenodo.org/doi/10.5281/zenodo.10431180},,misc,mcdowall2023T-reXzenodo,,,,,,,,(Accessed on 01/04/2024),,,,,,,,,failed,
{T-reX: A program for Life Cycle Assessment {(LCA)} calculations of supply chain waste and material footprints},Stewart Charles McDowall,,2024,,,,{https://github.com/Stew-McD/T-reX},,misc,mcdowall2024T-reXgithub,,,,,,,,(Accessed on 01/04/2024),,,,,,,,,failed,
Documentation of changes implemented in ecoinvent database v3. 7 \& v3. 7.1,"Moreno Ruiz, E. and others",,2020,,,,{https://ecoinvent.org/wp-content/uploads/2022/10/ChangeReportv3.9.pdf},,misc,morenoruiz2020,,,,,,,,,,ecoinvent Association,,,,,,,failed,
Targets for a circular economy,Piero Morseletto,,2020,,"Resources, Conservation and Recycling",10.1016/j.resconrec.2019.104553,{https://doi.org/10.1016/j.resconrec.2019.104553},,article,morseletto2020cetargets,,,,,,,,,,,,,,,,,failed,
Brightway2-analyzer,"Mutel, C.",,2016,,,,{https://github.com/brightway-lca/brightway2-analyzer},,misc,mutel2016brightway2analyzer,,,,,,,,(Accessed on 01/12/2024),,,,,,,,,failed,
Brightway: an open source framework for life cycle assessment,"Mutel, C.",,2017,,Journal of Open Source Software,10.21105/joss.00236,{https://doi.org/10.21105/joss.00236},,article,mutel2017brightway,,,,,,,,,,,,,,,,,failed,
Wurst documentation,"Mutel, C.",,2017,,,,{https://buildmedia.readthedocs.org/media/pdf/wurst/stable/wurst.pdf},,manual,mutel2017wurst,,,,,,,,,,,,,,,,,failed,
A Circular Economy in the Netherlands by 2050,{Government of the Netherlands},,2016,,,,{https://circulareconomy.europa.eu/platform/sites/default/files/17037circulaireeconomie_en.pdf},,misc,nl2016ceplan,,,,,,,,,,,,,,,,,failed,
National Circular Economy Programme 2023-2030,{Government of the Netherlands},,2023,,,,{https://www.government.nl/binaries/government/documenten/reports/2023/09/27/national-circular-economy-programme-2023-2030/NPCE+Circulaire+Economie+rapport+Engels.pdf},,misc,nl2023ceplan,,,,,,,,,,,,,,,,,failed,
"Material Resources, Productivity and the Environment",{OECD},,2015,,,10.1787/9789264190504-en,{https://www.oecd-ilibrary.org/environment/material-resources-productivity-and-the-environment_9789264190504-en},,misc,oecd2015greengrowth,,,,,,,,,,,,,,,,,failed,
The Environmental Justice Agenda for E-Waste Management,"Ogunseitan, Oladele A.",15--25,2023,Informa UK Limited,Environment: Science and Policy for Sustainable Development,10.1080/00139157.2023.2167457,{http://doi.org/10.1080/00139157.2023.2167457},1939-9154,article,ogunseitan2023envjusticewaste,,,,,,,,,,,,,,,,,failed,
A Long-term Strategy for a European Circular Economy --- Setting the Course for Success,R. Pardo and J.P. Schweitzer,,2018,,,,{https://circulareconomy.europa.eu/platform/sites/default/files/think_2030_circular_economy.pdf},,misc,pardo2018ce,,,,,,,,Produced for the Think2030 project,,Think2030,,,,Policy Paper,,,failed,
Possible Objectives for a Circular Economy: Summary of the Dutch policy brief {`Mogelijke doelen voor een Circulaire Economie'},"Hanemaaijer, Aldert and Kishna, Maikel and Koch, Julia and Prins, Anne Gerdien and others",,2021,,,,{https://www.pbl.nl/sites/default/files/downloads/pbl-2021-possible-objectives-for-a-circular-economy-4685.pdf},,misc,pbl2021ce,,,,,,,,,,PBL Netherlands Environmental Assessment Agency,,,,,,,failed,
Environmental Justice,"N. Pellow, David",71--85,2023,Edward Elgar Publishing,,10.4337/9781800881136.00014,{http://doi.org/10.4337/9781800881136.00014},,incollection,pellow2023envjusticewaste,June,,,9781800881136,Handbook on Inequality and the Environment,,,,,,,,,,,,failed,
"Exploring recycling potential of rare, scarce, and scattered metals: Present status and future directions","Li, Fang-Qin and Wang, Peng and Chen, Wei and Chen, Wei-Qiang and others",,2022,Elsevier {BV},Sustainable Production and Consumption,10.1016/j.spc.2022.01.018,{https://doi.org/10.1016/j.spc.2022.01.018},,article,qinli2002recycling,,,,,,,,,,,,,,,,,failed,
The circular economy: New or Refurbished as CE 3.0? -- Exploring Controversies in the Conceptualization of the Circular Economy through a Focus on History and Resource Value Retention Options,Denise Reike and Walter J.V. Vermeulen and Sjors Witjes,,2018,,"Resources, Conservation and Recycling",{10.1016/j.resconrec.2017.08.027},{https://doi.org/10.1016/j.resconrec.2017.08.027},,article,reike2018rex,,,,,,,,Sustainable Resource Management and the Circular Economy,,,,"Circular economy, Circularity, Closed-loop economy, Value preservation, Literature review",,,,,failed,
Contribution-based prioritization of {LCI} database improvements: the most important unit processes in ecoinvent,"Reinhard, J. and others",,2019,Springer Science and Business Media LLC,International Journal of Life Cycle Assessment,10.1007/s11367-019-01602-0,{https://dx.doi.org/10.1007/s11367-019-01602-0},,article,Reinhard2019,,,,,,,,,,,,,,,,,success,https://research.vu.nl/files/104499560/Reinhard2019_Article_Contribution_basedPrioritization.pdf
{REMIND - REgional Model of INvestments and Development - Version 2.1.0},Tino Aboumahboub and Cornelia Auer and Nico Bauer and Lavinia Baumstark and others,,2020,,,10.5281/zenodo.3730918,{https://www.pik-potsdam.de/research/transformation-pathways/models/remind},,misc,remind2020model,,,,,,,,,,,,,,,,,failed,
Opportunities and limits of recycling: A dynamic-model-based analysis,"Reuter, Markus and van Schaik, Antoinette",,2012,,MRS Bulletin,10.1557/mrs.2012.57,{https://dx.doi.org/10.1557/mrs.2012.57},,article,reuter2012recyclinglimits,,,,,,,,,,,,,,,,,success,https://link.springer.com/content/pdf/10.1557/mrs.2012.57.pdf
The water footprint of food waste: case study of fresh mango in Australia,"Ridoutt, B.G. and Juliano, P. and Sanguansri, P. and Sellahewa, J.",1714--1721,2010,Elsevier {BV},Journal of Cleaner Production,10.1016/j.jclepro.2010.07.011,{http://doi.org/10.1016/j.jclepro.2010.07.011},0959-6526,article,ridoutt2010wasteimpacts,,,,,,,,,,,,,,,,,failed,
Towards an Integrated Family of Footprint Indicators,"Ridoutt, Bradley G. and Pfister, Stephan",337--339,2013,Wiley,Journal of Industrial Ecology,10.1111/jiec.12026,{http://doi.org/10.1111/jiec.12026},1530-9290,article,ridoutt2013footprints,,,,,,,,,,,,,,,,,failed,
{PRospective EnvironMental Impact asSEment (premise): A streamlined approach to producing databases for prospective life cycle assessment using integrated assessment models},"Sacchi, R. and Terlouw, T. and Siala, K. and Dirnaichner, A. and others",,2022,,Renewable and Sustainable Energy Reviews,10.1016/j.rser.2022.112311,{http://doi.org/10.1016/j.rser.2022.112311},,article,sacchi2022premise,,,,,,,,,,,,,,,,,failed,
{premise | Documentation},"Sacchi, Romain and Terlouw, Tom and Siala, Kais and Dirnaichner, Alois and others",,2023,,,,{https://premise.readthedocs.io/},,misc,sacchi2023premisedocs,,,,,,,,,,,,,,,1.4.2,,failed,
Enabling Circular Economy: The Overlooked Role of Inorganic Materials Chemistry,"Salviulo, Gabriella and Lavagnolo, Maria Cristina and Dabal\`{a}, Manuele and Bernardo, Enrico and others",,2021,,Chemistry --- A European Journal,10.1002/chem.202002844,{https://dx.doi.org/10.1002/chem.202002844},,article,salviulo2021supplychain,,,,,,,,,,,,,,,,,failed,
{Consumption--based Material Flow Accounting: Austrian Trade and Consumption in Raw Material Equivalents 1995--2007},"Schaffartzik, Anke and Eisenmenger, Nina and Krausmann, Fridolin and Weisz, Helga",102--112,2013,Wiley,Journal of Industrial Ecology,10.1111/jiec.12055,{http://doi.org/10.1111/jiec.12055},1530-9290,article,schaffartzik2013mfafootprint,,,,,,,,,,,,,,,,,failed,
Mineral resources in life cycle impact assessment—part I: a critical review of existing methods,"Sonderegger, Thomas and Berger, Markus and Alvarenga, Rodrigo and Bach, Vanessa and Cimprich, Alexander and Dewulf, Jo and Frischknecht, Rolf and Guinée, Jeroen and Helbig, Christoph and Huppertz, Tom and Jolliet, Olivier and Motoshita, Masaharu and Northey, Stephen and Rugani, Benedetto and Schrijvers, Dieuwertje and Schulze, Rita and Sonnemann, Guido and Valero, Alicia and Weidema, Bo P. and Young, Steven B.",784--797,2020,Springer Science and Business Media LLC,The International Journal of Life Cycle Assessment,{10.1007/s11367-020-01736-6},{http://doi.org/10.1007/s11367-020-01736-6},1614-7502,article,sonderegger2020mineralsinlca,February,4,25,,,,,,,,,,,,,,failed,
The shared socio-economic pathway {(SSP)} greenhouse gas concentrations and their extensions to 2500,"Meinshausen, M. and Nicholls, Z. R. J. and Lewis, J. and Gidden, M. J. and others",,2020,,Geoscientific Model Development,10.5194/gmd-13-3571-2020,{https://dx.doi.org/10.5194/gmd-13-3571-2020},,article,ssp2020ghg,,,,,,,,,,,,,,,,,success,https://gmd.copernicus.org/articles/13/3571/2020/gmd-13-3571-2020.pdf
Integrated assessment of global environmental change with {IMAGE} 3.0: Model description and policy applications,"Stehfest, Elke and van Vuuren, Detlef and Bouwman, Lex and Kram, Tom and others",,2014,Netherlands Environmental Assessment Agency (PBL),,,{https://www.pbl.nl/en/publications/integrated-assessment-of-global-environmental-change-with-image-30-model-description-and-policy-applications#specifications},,misc,stehfest2014image,,,,978-94-91506-71-0,,,,,,,,,,,,,failed,
Resource Footprints are Good Proxies of Environmental Damage,"Steinmann, Zoran J. N. and Schipper, Aafke M. and Hauck, Mara and Giljum, Stefan and others",,2017,,Environmental Science \& Technology,10.1021/acs.est.7b00698,{https://dx.doi.org/10.1021/acs.est.7b00698},,article,steinmann2017resourcefootprints,,,,,,,,,,,,,,,,,failed,
The {Activity Browser} --- An open source LCA software building on top of the brightway framework,"Steubing, Bernhard and de Koning, Daniel and Haas, Adrian and Mutel, Christopher Lucien",,2020,,Software Impacts,10.1016/j.simpa.2019.100012,{http://doi.org/10.1016/j.simpa.2019.100012},,article,steubing2020activitybrowser,,,,,,,,,,,,,,,,,failed,
"Sustainable Product Development: Tools, Methods and Examples",,,2020,Springer International Publishing,,10.1007/978-3-030-39149-2,{http://doi.org/10.1007/978-3-030-39149-2},,book,su2020sustainableproddev,,,,9783030391492,,"Su, Daizhong",,,,,,,,,,,failed,
Input-output models and waste management analysis: A critical review,"Towa, Edgar and Zeller, Vanessa and Achten, Wouter M.J.",119359,2020,Elsevier {BV},Journal of Cleaner Production,10.1016/j.jclepro.2019.119359,{http://doi.org/10.1016/j.jclepro.2019.119359},0959-6526,article,towa2020wastefootprint,,,,,,,,,,,,,,,,,success,https://dipot.ulb.ac.be/dspace/bitstream/2013/298791/3/Towa.etal.2020-Review-WIO.pdf
Environmental footprint family to address local to planetary sustainability and deliver on the {SDGs},"Vanham, Davy and Leip, Adrian and Galli, Alessandro and Kastner, Thomas and others",,2019,,Science of The Total Environment,10.1016/j.scitotenv.2019.133642,{http://doi.org/10.1016/j.scitotenv.2019.133642},,article,vanham2019footprints,,,,,,,,,,,,,,,,,failed,
Ecological footprint and appropriated carrying capacity : a tool for planning toward sustainability,"Wackernagel, Mathis",,1994,University of British Columbia,,10.14288/1.0088048,{http://doi.org/10.14288/1.0088048},,misc,wackernagel1994ecologicalfootprint,,,,,,,,PhD Thesis,,,,,,,,en,failed,
The material footprint of nations,"Wiedmann, Thomas O. and Schandl, Heinz and Lenzen, Manfred and Moran, Daniel and others",6271--6276,2013,Proceedings of the National Academy of Sciences,Proceedings of the National Academy of Sciences,10.1073/pnas.1220362110,{http://doi.org/10.1073/pnas.1220362110},1091-6490,article,weidmann2013materialfootprint,,,,,,,,,,,,,,,,,failed,
Environmental and social footprints of international trade,"Wiedmann, Thomas and Lenzen, Manfred",314--321,2018,Springer Science and Business Media LLC,Nature Geoscience,10.1038/s41561-018-0113-9,{http://doi.org/10.1038/s41561-018-0113-9},1752-0908,article,wiedmann2018materialfootprint,,,,,,,,,,,,,,,,,failed,
Review of Life Cycle Impact Assessment {(LCIA)} Methods and Inventory Databases,"Wu, You and Su, Daizhong",39--55,2020,Springer International Publishing,,10.1007/978-3-030-39149-2_3,{http://doi.org/10.1007/978-3-030-39149-2\%5F3},,incollection,wu2020lcia,,,,9783030391492,"Sustainable Product Development: Tools, Methods and Examples",,,,,,,,,,,,failed,
@article{akese2018envjustice,
  pages = {77--83},
  year = {2018},
  author = {Akese, Grace A. and Little, Peter C.},
  publisher = {Mary Ann Liebert Inc},
  journal = {Environmental Justice},
  doi = {10.1089/env.2017.0039},
  url = {http://dx.doi.org/10.1089/env.2017.0039},
  issn = {1937-5174},
  title = {Electronic Waste and the Environmental Justice Challenge in Agbogbloshie},
  downloaded = {failed},
}
@article{arvidsson2020csi,
  year = {2020},
  author = {Arvidsson, Rickard and S\"{o}derman, Maria Ljunggren and Sand\'{e}n, Bj\"{o}rn A. and Nordel\"{o}f, Anders and others},
  journal = {The International Journal of Life Cycle Assessment},
  doi = {10.1007/s11367-020-01781-1},
  url = {{https://dx.doi.org/10.1007/s11367-020-01781-1}},
  title = {A crustal scarcity indicator for long-term global elemental resource assessment in LCA},
  downloaded = {success},
  downloaded_url = {https://link.springer.com/content/pdf/10.1007/s11367-020-01781-1.pdf},
}
@article{ayres1997recycling,
  year = {1997},
  author = {Ayres, Robert U},
  journal = {Resources, Conservation and Recycling},
  doi = {10.1016/s0921-3449(97)00033-5},
  url = {{https://doi.org/10.1016/s0921-3449(97)00033-5}},
  title = {Metals recycling: economic and environmental implications},
  downloaded = {failed},
}
@article{ayres1998recycling,
  year = {1999},
  author = {Ayres, Robert U},
  journal = {Ecological Economics},
  doi = {10.1016/s0921-8009(98)00098-6},
  url = {{https://doi.org/10.1016/s0921-8009(98)00098-6}},
  title = {The second law, the fourth law, recycling and limits to growth},
  downloaded = {failed},
}
@article{berger2020mineralsinlca,
  pages = {798--813},
  year = {2020},
  author = {Berger, Markus and Sonderegger, Thomas and Alvarenga, Rodrigo and Bach, Vanessa and Cimprich, Alexander and Dewulf, Jo and Frischknecht, Rolf and Guinée, Jeroen and Helbig, Christoph and Huppertz, Tom and Jolliet, Olivier and Motoshita, Masaharu and Northey, Stephen and Peña, Claudia A. and Rugani, Benedetto and Sahnoune, Abdelhadi and Schrijvers, Dieuwertje and Schulze, Rita and Sonnemann, Guido and Valero, Alicia and Weidema, Bo P. and Young, Steven B.},
  publisher = {Springer Science and Business Media LLC},
  journal = {The International Journal of Life Cycle Assessment},
  doi = {10.1007/s11367-020-01737-5},
  url = {{http://doi.org/10.1007/s11367-020-01737-5}},
  issn = {1614-7502},
  title = {Mineral resources in life cycle impact assessment: part II
--- recommendations on application-dependent use of existing methods and on future
method development needs},
  month = {February},
  number = {4},
  volume = {25},
  downloaded = {success},
  downloaded_url = {https://link.springer.com/content/pdf/10.1007/s11367-020-01737-5.pdf},
}
@incollection{berry2023crm,
  pages = {107--123},
  year = {2023},
  author = {Berry, Chris},
  publisher = {Springer Nature Switzerland},
  doi = {10.1007/978-3-031-25577-9_6},
  url = {{http://dx.doi.org/10.1007/978-3-031-25577-9_6}},
  issn = {2215-0064},
  title = {The Paradox of Green Growth: Challenges and Opportunities in Decarbonizing the Lithium-Ion Supply Chain},
  isbn = {9783031255779},
  booktitle = {Critical Minerals, the Climate Crisis and the Tech Imperium},
  editor = {Kalantzakos, Sophia},
  downloaded = {failed},
}
@article{beylot2018,
  year = {2018},
  author = {Beylot, A. and Muller, S. and Descat, M. and M\'{e}nard, Y. and others},
  journal = {Waste Management},
  doi = {10.1016/j.wasman.2018.08.037},
  url = {{https://doi.org/10.1016/j.wasman.2018.08.037}},
  title = {Life cycle assessment of the French municipal solid waste incineration sector},
  downloaded = {failed},
}
@article{bisinella2024wastelca,
  pages = {53--75},
  year = {2024},
  author = {Bisinella, V. and Schmidt, S. and Varling, A.S. and Laner, D. and others},
  publisher = {Elsevier {BV}},
  journal = {Waste Management},
  doi = {10.1016/j.wasman.2023.11.021},
  url = {{http://doi.org/10.1016/j.wasman.2023.11.021}},
  issn = {0956-053x},
  title = {Waste LCA and the future},
  downloaded = {failed},
}
@article{blanco2020exante,
  year = {2020},
  author = {Blanco, Carlos F. and Cucurachi, Stefano and Guinée, Jeroen B. and Vijver, Martina G. and others},
  publisher = {Elsevier {BV}},
  journal = {Journal of Cleaner Production},
  doi = {10.1016/j.jclepro.2020.120968},
  url = {{http://doi.org/10.1016/j.jclepro.2020.120968}},
  issn = {0959-6526},
  title = {Assessing the sustainability of emerging technologies: A probabilistic LCA method applied to advanced photovoltaics},
  downloaded = {failed},
}
@article{calistofriant2021ce,
  year = {2021},
  author = {Martin {Calisto Friant} and Walter J.V. Vermeulen and Roberta Salomone},
  journal = {Sustainable Production and Consumption},
  doi = {10.1016/j.spc.2020.11.001},
  url = {{https://doi.org/10.1016/j.spc.2020.11.001}},
  title = {Analysing European Union circular economy policies: words versus actions},
  downloaded = {failed},
}
@misc{cen2019en15804,
  year = {2019},
  author = {{CEN (European Committee for Standardization)}},
  url = {{https://standards.cencenelec.eu/dyn/www/f?p=205:7:0::::FSP_ORG_ID:481830&cs=1F34565A9E5B582575682802C33AE3275}},
  title = {EN 15804 Sustainability of construction works - Environmental product declarations - Core rules for the product category of construction products},
  downloaded = {failed},
}
@article{chen2021methoduncertainty,
  year = {2021},
  author = {Chen, Xiaoju and Matthews, H. Scott and Griffin, W. Michael},
  journal = {Resources, Conservation and Recycling},
  doi = {10.1016/j.resconrec.2021.105678},
  url = {{http://doi.org/10.1016/j.resconrec.2021.105678}},
  title = {Uncertainty caused by life cycle impact assessment methods: Case studies in process-based LCI databases},
  downloaded = {failed},
}
@incollection{cucek2015environmentalfootprints,
  pages = {131--193},
  year = {2015},
  author = {{\v{C}}u{\v{c}}ek, Lidija and Kleme{\v{s}}, Ji{\v{r}}í Jaromír and Kravanja, Zdravko},
  publisher = {Butterworth-Heinemann},
  doi = {10.1016/b978-0-12-799968-5.00005-1},
  url = {{http://doi.org/10.1016/B978-0-12-799968-5.00005-1}},
  title = {Overview of environmental footprints},
  isbn = {978-0-12-799968-5},
  booktitle = {Assessing and Measuring Environmental Impact and Sustainability},
  editor = {Ji{\v{ř}}{\v{í}} Jarom{\v{í}}r Kleme{\v{š}}},
  address = {Oxford},
  downloaded = {failed},
}
@article{cucurachi2018exante,
  pages = {463--468},
  year = {2018},
  author = {Cucurachi, Stefano and van der Giesen, Coen and Guinée, Jeroen},
  publisher = {Elsevier {BV}},
  journal = {Procedia CIRP},
  doi = {10.1016/j.procir.2017.11.005},
  url = {{http://doi.org/10.1016/j.procir.2017.11.005}},
  issn = {2212-8271},
  title = {Ex-ante LCA of Emerging Technologies},
  downloaded = {failed},
}
@misc{demirer2019wastefootprint,
  year = {2019},
  author = {Demirer, D. Demir},
  url = {{https://urn.kb.se/resolve?urn=urn:nbn:se:kth:diva-263130}},
  title = {Quantifying the relationship between the waste footprint and environmental impact of products},
  address = {Stockholm, Sweden},
  note = {Master thesis},
  school = {KTH Royal Institute of Technology, School of Architecture and the Built Environment, Department of Sustainable Development, Environmental Science and Engineering},
  downloaded = {failed},
}
@misc{doka2024publications,
  year = {2024},
  author = {Doka, Gabor},
  url = {{https://www.doka.ch/publications.htm}},
  title = {Doka LCA --- Publications},
  note = {(Accessed on 01/24/2024)},
  downloaded = {failed},
}
@article{dziejarski2023ccs,
  pages = {127776},
  year = {2023},
  author = {Dziejarski, Bartosz and Krzyżyńska, Renata and Andersson, Klas},
  publisher = {Elsevier},
  journal = {Fuel},
  doi = {10.1016/j.fuel.2023.127776},
  url = {{https://doi.org/10.1016/j.fuel.2023.127776}},
  issn = {0016-2361},
  title = {Current status of carbon capture, utilization, and storage technologies in the global economy: A survey of technical assessment},
  downloaded = {failed},
}
@article{ecoinvent2016version3,
  year = {2016},
  author = {Wernet, Gregor and Bauer, Christian and Steubing, Bernhard and Reinhard, Jürgen and others},
  journal = {The International Journal of Life Cycle Assessment},
  doi = {10.1007/s11367-016-1087-8},
  url = {{http://doi.org/10.1007/s11367-016-1087-8}},
  title = {The ecoinvent database version 3 (part I): overview and methodology},
  downloaded = {failed},
}
@misc{ellenmacarthur2015ce,
  year = {2015},
  author = {{Ellen MacArthur Foundation}},
  url = {{https://www.ellenmacarthurfoundation.org/towards-a-circular-economy-business-rationale-for-an-accelerated-transition}},
  title = {Towards a circular economy: Business rationale for an accelerated transition},
  downloaded = {failed},
}
@misc{eu2003weee,
  year = {2003},
  author = {{European Commission}},
  url = {{https://eur-lex.europa.eu/legal-content/EN/TXT/?uri=CELEX:32002L0096}},
  title = {{Directive 2002/96/{EC} Of The EuropeBlancoan Parliament and of The Council of 27 January 2003 on waste electrical and electronic equipment (WEEE)}},
  organization = {{European Commission}},
  downloaded = {failed},
}
@misc{eu2008wastedirective,
  year = {2008},
  author = {{European Commission}},
  url = {{https://eur-lex.europa.eu/legal-content/EN/TXT/PDF/?uri=CELEX:32008L0098}},
  title = {{Directive 2008/98/{EC} of the European Parliament and of the Council of 19 November 2008 on waste and repealing certain Directives (Text with EEA relevance)}},
  organization = {{European Commission}},
  downloaded = {failed},
}
@misc{eu2012weee,
  year = {2012},
  author = {{European Commission}},
  url = {{https://eur-lex.europa.eu/legal-content/EN/TXT/?uri=CELEX:32012L0019}},
  title = {{Directive 2012/19/EU of the European Parliament and of the council of 4 July 2012 on waste electrical and electronic equipment (WEEE) text with EEA relevance}},
  organization = {{European Commission}},
  downloaded = {failed},
}
@misc{eu2012weeerecast,
  year = {2012},
  author = {{European Commission}},
  url = {{https://eur-lex.europa.eu/legal-content/EN/TXT/?uri=CELEX:32012L0019}},
  title = {{Directive 2012/19/EU of the European Parliament and of the council of 4 July 2012 on waste electrical and electronic equipment (WEEE) (recast)}},
  organization = {{European Commission}},
  downloaded = {failed},
}
@misc{eu2015reman,
  year = {2015},
  author = {Parker, David and Riley, Kate and Robinson, Seigo and Symington, Harry and others},
  url = {{https://www.remanufacturing.eu/assets/pdfs/remanufacturing-market-study.pdf}},
  title = {Remanufacturing market study},
  organisation = {{European Remanufacturing Network (ERN)}},
  downloaded = {failed},
}
@misc{eu2018cemonitoring,
  year = {2018},
  url = {{https://eur-lex.europa.eu/legal-content/EN/TXT/?qid=1516265440535&uri=COM:2018:29:FIN}},
  title = {Communication from the Commission to the European Parliament, the Council, the European Economic and Social Committee and the Committee of the Regions on a Monitoring Framework for the Circular Economy},
  note = {COM (2018) 29 Final},
  downloaded = {failed},
}
@misc{eu2019greendeal,
  year = {2019},
  author = {{European Commission}},
  url = {{https://eur-lex.europa.eu/legal-content/EN/TXT/?uri=COM:2019:640:FIN}},
  title = {{The European Green Deal}},
  organization = {European Commission},
  downloaded = {failed},
}
@misc{eu2020circ,
  year = {2020},
  author = {{European Commission}},
  doi = {10.2779/05068},
  url = {{https://doi.org/10.2779/05068}},
  title = {A New Circular Economy Action Plan For a Cleaner and More Competitive Europe},
  organization = {{European Commission}},
  downloaded = {failed},
}
@misc{eu2021crmscoreboard,
  year = {2021},
  author = {{European Commission and Directorate-General for Internal Market, Industry, Entrepreneurship and SMEs}},
  doi = {10.2873/567799},
  url = {{https://doi.org/doi/10.2873/567799}},
  title = {{3rd Raw Materials Scoreboard --- European innovation partnership on raw materials}},
  organization = {{European Commission}},
  downloaded = {failed},
}
@misc{eu2022ecodesign,
  year = {2022},
  author = {{European Commission}},
  url = {{https://environment.ec.europa.eu/publications/proposal-ecodesign-sustainable-products-regulation_en}},
  title = {{Proposal for Ecodesign for Sustainable Products Regulation: Establishing a framework for setting ecodesign requirements for sustainable products and repealing Directive 2009/125/EC}},
  organization = {{European Commission}},
  downloaded = {failed},
}
@misc{eu2022repair,
  year = {2022},
  author = {Alfieri, Felice and La Placa, Maria Grazia and others},
  publisher = {European Commission, Joint Research Centre (JRC)},
  doi = {10.2760/340944},
  url = {{https://data.europa.eu/doi/10.2760/340944}},
  title = {{Product reparability scoring system: Specific application to smartphones and slate tablets}},
  organization = {{European Commission}},
  downloaded = {failed},
}
@misc{eu2023cemonitoring,
  year = {2023},
  author = {{European Commission}},
  url = {{https://eur-lex.europa.eu/legal-content/EN/TXT/PDF/?uri=CELEX:52023SC0306}},
  title = {{Commission Staff Working Document: Measuring Progress towards Circular Economy in the European Union --- Key Indicators for a Revised Monitoring Framework Accompanying the Document Communication from the Commission to the European Parliament, the Council, the European Economic and Social Committee and the Committee of the Regions on a Revised Monitoring Framework for the Circular Economy}},
  note = {SWD/2023/306 final},
  organization = {{European Commission}},
  downloaded = {failed},
}
@misc{eu2023crmact,
  year = {2023},
  author = {{European Commission}},
  url = {{https://single-market-economy.ec.europa.eu/publications/european-critical-raw-materials-act\%5Fen}},
  title = {{European Critical Raw Materials Act}},
  organization = {{European Commission}},
  downloaded = {failed},
}
@online{eu2023crmqna,
  year = {2023},
  author = {{European Commission}},
  url = {{https://ec.europa.eu/commission/presscorner/detail/en/qanda\%5FF23\%5FF1662}},
  title = {{Questions and Answers: The European Critical Raw Materials Act}},
  organization = {{European Commission}},
  downloaded = {failed},
}
@misc{eu2023crmstudy,
  year = {2023},
  author = {{European Commission and DG-GROW}},
  publisher = {{Publications Office of the European Union}},
  doi = {10.2873/725585},
  url = {{https://doi.org/10.2873/725585}},
  title = {{Study on the critical raw materials for the {EU} 2023 --- Final report}},
  organization = {{European Commission}},
  downloaded = {failed},
}
@misc{eu2023ef,
  year = {2023},
  author = {{Andreasi Bassi, S and Biganzoli, F and Ferrara, N and others}},
  publisher = {{Publications Office of the European Union}},
  doi = {doi/10.2760/798894},
  url = {{https://doi.org/10.2760/798894}},
  title = {{Updated characterisation and normalisation factors for the environmental footprint 3.1 method (EF)}},
  organization = {{Joint Research Centre (JRC) and European Commission}},
  downloaded = {failed},
}
@article{fitzgerald2023ecoinventdocumentation,
  year = {2023},
  author = {FitzGerald, D and Bourgault, G and Vadenbo, C and Sonderegger, T and others},
  journal = {database},
  url = {{https://ecoinvent.org/wp-content/uploads/2023/11/Change-Report-v3.10.pdf}},
  title = {{Documentation of changes implemented in the ecoinvent database v3.10}},
  downloaded = {failed},
}
@misc{foen2021ecofactors,
  year = {2021},
  author = {{Swiss Federal Office for the Environment (FOEN)}},
  url = {{https://www.bafu.admin.ch/bafu/en/home/topics/economy-consumption/economy-and-consumption-publications/publications-economy-and-consumption/eco-factors-switzerland.html}},
  title = {{Swiss Eco-Factors 2021 according to the Ecological Scarcity Method: Methodological fundamentals and their application in Switzerland}},
  organization = {Federal Office for the Environment, Bern},
  downloaded = {failed},
}
@article{giampietro2014footprintstonowhere,
  pages = {610--621},
  year = {2014},
  author = {Giampietro, Mario and Saltelli, Andrea},
  publisher = {Elsevier {BV}},
  journal = {Ecological Indicators},
  doi = {10.1016/j.ecolind.2014.01.030},
  url = {{http://doi.org/10.1016/j.ecolind.2014.01.030}},
  issn = {1470-160x},
  title = {Footprints to nowhere},
  downloaded = {failed},
}
@article{giampietro2020cecritique,
  year = {2020},
  author = {Mario Giampietro and Silvio O. Funtowicz},
  publisher = {Elsevier {BV}},
  journal = {Environmental Science \& Policy},
  doi = {10.1016/j.envsci.2020.04.012},
  url = {{https://doi.org/10.1016/j.envsci.2020.04.012}},
  title = {From elite folk science to the policy legend of the circular economy},
  downloaded = {failed},
}
@article{graedel2011urbanmine,
  pages = {43--50},
  year = {2011},
  author = {Graedel, Thomas E},
  publisher = {Citeseer},
  journal = {Bridge},
  url = {{https://citeseerx.ist.psu.edu/document?repid=rep1&type=pdf&doi=3b07186f928bd4368b4db9d291683292d94b3723#page=45}},
  title = {The prospects for urban mining},
  number = {1},
  volume = {41},
  downloaded = {failed},
}
@article{graedel2015materials,
  year = {2015},
  author = {T. E. Graedel and E. M. Harper and N. T. Nassar and others},
  journal = {Proceedings of the National Academy of Sciences},
  doi = {10.1073/pnas.1312752110},
  url = {{https://doi.org/10.1073/pnas.1312752110}},
  title = {On the materials basis of modern society},
  downloaded = {failed},
}
@article{guillotreau2023wastefootprint,
  pages = {138018},
  year = {2023},
  author = {Guillotreau, Patrice and Antoine, Sharif and Kante, Fatime and Perchat, Katrin},
  publisher = {Elsevier {BV}},
  journal = {Journal of Cleaner Production},
  doi = {10.1016/j.jclepro.2023.138018},
  url = {{http://doi.org/10.1016/j.jclepro.2023.138018}},
  issn = {0959-6526},
  title = {{Quantifying plastic use and waste footprints in SIDS: Application to Seychelles}},
  downloaded = {success},
  downloaded_url = {https://ird.hal.science/ird-04304176/document},
}
@misc{guinee2002cml,
  year = {2002},
  author = {J. B. Guin\'{e}e and M. Gorr\'{e}e and R. Heijungs and others},
  url = {{https://www.universiteitleiden.nl/en/research/research-projects/science/cml-new-dutch-lca-guide}},
  title = {Handbook on life cycle assessment. Operational guide to the ISO standards. I: LCA in perspective. IIa: Guide. IIb: Operational annex. III: Scientific background},
  downloaded = {failed},
}
@article{guinee2004economicallocation,
  year = {2004},
  author = {Guin\'{e}e, J. B. and Heijungs, R. and Huppes, G.},
  journal = {International Journal of Life Cycle Assessment},
  doi = {10.1007/BF02978533},
  url = {{https://doi.org/10.1007/BF02978533}},
  title = {Economic Allocation: Examples and Derived Decision Tree},
  downloaded = {success},
  downloaded_url = {https://scholarlypublications.universiteitleiden.nl/access/item%3A2723986/view},
}
@article{guinee2011lca,
  pages = {90--96},
  year = {2010},
  author = {Guinée, Jeroen B. and Heijungs, Reinout and Huppes, Gjalt and Zamagni, Alessandra and others},
  publisher = {American Chemical Society (ACS)},
  journal = {Environmental Science \& Technology},
  doi = {10.1021/es101316v},
  url = {{http://doi.org/10.1021/es101316v}},
  issn = {1520-5851},
  title = {Life Cycle Assessment: Past, Present, and Future},
  downloaded = {failed},
}
@article{guinee2021wasteisnotaservice,
  pages = {1538--1540},
  year = {2021},
  author = {Guinée, Jeroen B. and Heijungs, Reinout},
  publisher = {Springer Science and Business Media LLC},
  journal = {The International Journal of Life Cycle Assessment},
  doi = {10.1007/s11367-021-01955-5},
  url = {{http://doi.org/10.1007/s11367-021-01955-5}},
  issn = {1614-7502},
  title = {Waste is not a service},
  downloaded = {success},
  downloaded_url = {https://link.springer.com/content/pdf/10.1007/s11367-021-01955-5.pdf},
}
@misc{gunnar2023remind,
  year = {2023},
  author = {Luderer, Gunnar and Bauer, Nico and Baumstark, Lavinia and Bertram, Christoph and others},
  publisher = {Zenodo},
  doi = {10.5281/zenodo.10887223},
  url = {{https://zenodo.org/record/3730918}},
  title = {REMIND - REgional Model of INvestments and Development},
  keywords = {energy, economy, modeling},
  copyright = {GNU Affero General Public License v3.0 or later},
  downloaded = {failed},
}
@article{hartley2024cepolitics,
  year = {2024},
  author = {Hartley, Kris and Baldassarre, Brian and Kirchherr, Julian},
  journal = {Journal of Cleaner Production},
  doi = {10.1016/j.jclepro.2023.140140},
  url = {{https://doi.org/10.1016/j.jclepro.2023.140140}},
  title = {Circular economy as crisis response: A primer},
  downloaded = {failed},
}
@inproceedings{hauschild2003edip,
  pages = {1--195},
  year = {2004},
  author = {Michael Zwicky Hauschild and Jos{\'e} Potting},
  publisher = {Danish Environmental Protection Agency},
  doi = {10.1016/j.jclepro.2023.140140},
  url = {{https://api.semanticscholar.org/CorpusID:113556375}},
  title = {Spatial differentiation in life cycle impact assessment - the {EDIP}-2003 methodology. Guidelines from the Danish {EPA}},
  booktitle = {Environmental News},
  downloaded = {failed},
}
@article{hellweg2023lca,
  year = {2023},
  author = {Hellweg, Stefanie and Benetto, Enrico and Huijbregts, Mark A. J. and Verones, Francesca and others},
  journal = {Nature Reviews Earth \& Environment},
  doi = {10.1038/s43017-023-00449-2},
  url = {{https://doi.org/10.1038/s43017-023-00449-2}},
  title = {Life-cycle assessment to guide solutions for the triple planetary crisis},
  downloaded = {failed},
}
@article{hool2023crm,
  year = {2023},
  author = {Hool, Alessandra and Helbig, Christoph and Wierink, Gijsbert},
  journal = {Mineral Economics},
  doi = {10.1007/s13563-023-00394-y},
  url = {{https://doi.org/10.1007/s13563-023-00394-y}},
  title = {Challenges and opportunities of the European Critical Raw Materials Act},
  downloaded = {success},
  downloaded_url = {https://link.springer.com/content/pdf/10.1007/s13563-023-00394-y.pdf},
}
@article{huijbregts2010energyfootprint,
  year = {2010},
  author = {Huijbregts, Mark A. J. and Hellweg, Stefanie and Frischknecht, Rolf and Hendriks, Harrie W. M. and others},
  publisher = {American Chemical Society (ACS)},
  journal = {Environmental Science \& Technology},
  doi = {10.1021/es902870s},
  url = {{http://doi.org/10.1021/es902870s}},
  title = {Cumulative Energy Demand As Predictor for the Environmental Burden of Commodity Production},
  downloaded = {success},
  downloaded_url = {https://repository.ubn.ru.nl//bitstream/handle/2066/92582/92582.pdf},
}
@article{huijbregts2016recipe,
  year = {2016},
  author = {Huijbregts, Mark A. J. and Steinmann, Zoran J. N. and Elshout, Pieter M. F. and Stam, Gea and others},
  journal = {The International Journal of Life Cycle Assessment},
  doi = {10.1007/s11367-016-1246-y},
  url = {{https://doi.org/10.1007/s11367-016-1246-y}},
  title = {{ReCiPe2016}: a harmonised life cycle impact assessment method at midpoint and endpoint level},
  downloaded = {failed},
}
@misc{huijbregts2016recipereport,
  year = {2016},
  author = {Huijbregts MAJ and Steinmann ZJN and Elshout PMF and Stam G and others},
  publisher = {Rijksinstituut voor Volksgezondheid en Milieu RIVM},
  title = {{ReCiPe2016} : A harmonized life cycle impact assessment method at midpoint and endpoint level Report I: Characterization},
  downloaded = {failed},
}
@misc{iea2022worldenergyoutlook,
  year = {2022},
  author = {{International Energy Agency -- IEA}},
  url = {{https://iea.blob.core.windows.net/assets/830fe099-5530-48f2-a7c1-11f35d510983/WorldEnergyOutlook2022.pdf}},
  title = {World Energy Outlook 2022},
  organization = {International Energy Agency -- IEA},
  downloaded = {failed},
}
@misc{iea2023crm,
  year = {2023},
  author = {International Energy Agency -- IEA},
  url = {{https://www.iea.org/reports/critical-minerals-market-review-2023}},
  title = {Critical Minerals Market Review 2023},
  organization = {International Energy Agency -- IEA},
  downloaded = {failed},
}
@dataset{iea2023crmdata,
  year = {2023},
  author = {International Energy Agency -- IEA},
  url = {{https://www.iea.org/data-and-statistics/data-product/critical-minerals-demand-dataset}},
  title = {Critical Minerals Demand Dataset},
  organization = {International Energy Agency -- IEA},
  downloaded = {failed},
}
@misc{iea2023energytechperspectives,
  year = {2023},
  author = {International Energy Agency -- IEA},
  doi = {10.1787/7c6b23db-en},
  url = {{https://www.oecd-ilibrary.org/energy/energy-technology-perspectives-2023_7c6b23db-en}},
  title = {Energy Technology Perspectives 2023},
  organization = {International Energy Agency -- IEA},
  downloaded = {failed},
}
@article{jaio2013wasteabsorbtionfootprint,
  pages = {356--360},
  year = {2013},
  author = {Jiao, Wenjun and Min, Qingwen and Cheng, Shengkui and Li, Wenhua},
  publisher = {Elsevier {BV}},
  journal = {Ecological Indicators},
  doi = {10.1016/j.ecolind.2013.05.024},
  url = {{http://doi.org/10.1016/j.ecolind.2013.05.024}},
  issn = {1470-160x},
  title = {The Waste Absorption Footprint {(WAF)}: A methodological note on footprint calculations},
  downloaded = {failed},
}
@misc{jrc2022energyclimateoutlook,
  year = {2022},
  author = {Keramidas, K and Fosse, F and Diaz, Rincon A and Dowling, P and others},
  publisher = {Publications Office of the European Union},
  doi = {10.2760/863694},
  url = {{https://doi.org/10.2760/863694}},
  title = {Global Energy and Climate Outlook 2022: Energy trade in a decarbonised world},
  organization = {Joint Research Centre {(JRC)} and European Commission},
  downloaded = {failed},
}
@misc{jrc2023supplychain,
  year = {2023},
  author = {Carrara, Stefano and Bobba, Silvia and Blagoeva, Darina and Alves Dias, Patricia and others},
  publisher = {Publications Office of the European Union},
  doi = {10.2760/334074},
  url = {{https://doi.org/10.2760/334074}},
  title = {Supply chain analysis and material demand forecast in strategic technologies and sectors in the {EU} --- A foresight study},
  organization = {Joint Research Centre {(JRC)} and European Commission},
  downloaded = {failed},
}
@misc{jrc2023supplychaindata,
  year = {2023},
  author = {Carrara Samuel and Bobba Silvia and Blagoeva Darina and Alves Dias Patricia and others},
  publisher = {Publications Office of the European Union},
  doi = {10.5281/zenodo.7736782},
  url = {{https://doi.org/10.5281/zenodo.7736782}},
  title = {Supply chain analysis and material demand forecast in strategic technologies and sectors in the {EU} --- A foresight study},
  organization = {Joint Research Centre (JRC) and European Commission},
  downloaded = {failed},
}
@book{kalantzakos2023crm,
  year = {2023},
  publisher = {Springer Nature Switzerland},
  journal = {Archimedes},
  doi = {10.1007/978-3-031-25577-9},
  url = {{https://doi.org/10.1007/978-3-031-25577-9}},
  issn = {2215-0064},
  title = {Critical Minerals, the Climate Crisis and the Tech Imperium},
  isbn = {9783031255779},
  editor = {Kalantzakos, Sophia},
  downloaded = {failed},
}
@article{laurenti2012carbonfootprint,
  year = {2012},
  author = {Laurent, Alexis and Olsen, Stig I. and Hauschild, Michael Z.},
  publisher = {American Chemical Society (ACS)},
  journal = {Environmental Science \& Technology},
  doi = {10.1021/es204163f},
  url = {{http://doi.org/10.1021/es204163f}},
  title = {Limitations of Carbon Footprint as Indicator of Environmental Sustainability},
  downloaded = {failed},
}
@article{laurenti2016wastefootprint,
  year = {2016},
  author = {Laurenti, Rafael and Moberg, \AA{}sa and Stenmarck, \AA{}sa},
  journal = {Waste Management \& Research: The Journal for a Sustainable Circular Economy},
  doi = {10.1177/0734242x16675686},
  url = {{https://doi.org/10.1177/0734242x16675686}},
  title = {Calculating the pre-consumer waste footprint: A screening study of 10 selected products},
  downloaded = {failed},
}
@article{laurenti2023wastefootprint,
  year = {2023},
  author = {Laurenti, R. and Demirer Demir, D. and Finnveden, G.},
  journal = {Science of The Total Environment},
  doi = {10.1016/j.scitotenv.2022.160405},
  url = {{https://doi.org/10.1016/j.scitotenv.2022.160405}},
  title = {Analyzing the relationship between product waste footprints and environmental damage --- A life cycle analysis of 1,400+ products},
  downloaded = {failed},
}
@article{lenzen2022materialfootprint,
  pages = {157--166},
  year = {2021},
  author = {Lenzen, Manfred and Geschke, Arne and West, James and Fry, Jacob and others},
  publisher = {Springer Science and Business Media LLC},
  journal = {Nature Sustainability},
  doi = {10.1038/s41893-021-00811-6},
  url = {{http://doi.org/10.1038/s41893-021-00811-6}},
  issn = {2398-9629},
  title = {Implementing the material footprint to measure progress towards Sustainable Development Goals 8 and 12},
  downloaded = {success},
  downloaded_url = {https://research.wu.ac.at/files/19742957/Lenzen%20et%20al%202021_accepted%20manuscript.pdf},
}
@misc{mancini2013supplysecurity,
  year = {2013},
  author = {Mancini, Lucia and De Camillis, Camillo and Pennington, David},
  publisher = {Publications Office of the European Union},
  doi = {10.2788/94926},
  url = {{https://doi.org/10.2788/94926}},
  title = {Security of supply and scarcity of raw materials: Towards a methodological framework for sustainability assessment},
  organization = {Joint Research Centre (JRC) and European Commission},
  downloaded = {failed},
}
@manual{mcdowall2023T-reXdocs,
  year = {2023},
  author = {Stewart Charles McDowall},
  url = {{https://T-reX.readthedocs.io/en/latest/index.html}},
  title = {{T-reX documentation}},
  note = {(Accessed on 01/04/2024)},
  downloaded = {failed},
}
@misc{mcdowall2023T-reXpipy,
  year = {2023},
  author = {Stewart Charles McDowall and Elizabeth Lanphear},
  url = {{https://pypi.org/project/T-reX/}},
  title = {{T-reX · PyPI}},
  note = {(Accessed on 01/04/2024)},
  downloaded = {failed},
}
@misc{mcdowall2023T-reXzenodo,
  year = {2023},
  author = {McDowall, Stewart Charles and Lanphear, Elizabeth},
  publisher = {Zenodo},
  url = {{https://zenodo.org/doi/10.5281/zenodo.10431180}},
  title = {{T-reX}},
  note = {(Accessed on 01/04/2024)},
  downloaded = {failed},
}
@misc{mcdowall2024T-reXgithub,
  year = {2024},
  author = {Stewart Charles McDowall},
  url = {{https://github.com/Stew-McD/T-reX}},
  title = {{T-reX: A program for Life Cycle Assessment {(LCA)} calculations of supply chain waste and material footprints}},
  note = {(Accessed on 01/04/2024)},
  downloaded = {failed},
}
@misc{morenoruiz2020,
  year = {2020},
  author = {Moreno Ruiz, E. and others},
  url = {{https://ecoinvent.org/wp-content/uploads/2022/10/ChangeReportv3.9.pdf}},
  title = {Documentation of changes implemented in ecoinvent database v3. 7 \& v3. 7.1},
  organization = {ecoinvent Association},
  downloaded = {failed},
}
@article{morseletto2020cetargets,
  year = {2020},
  author = {Piero Morseletto},
  journal = {Resources, Conservation and Recycling},
  doi = {10.1016/j.resconrec.2019.104553},
  url = {{https://doi.org/10.1016/j.resconrec.2019.104553}},
  title = {Targets for a circular economy},
  downloaded = {failed},
}
@misc{mutel2016brightway2analyzer,
  year = {2016},
  author = {Mutel, C.},
  url = {{https://github.com/brightway-lca/brightway2-analyzer}},
  title = {Brightway2-analyzer},
  note = {(Accessed on 01/12/2024)},
  downloaded = {failed},
}
@article{mutel2017brightway,
  year = {2017},
  author = {Mutel, C.},
  journal = {Journal of Open Source Software},
  doi = {10.21105/joss.00236},
  url = {{https://doi.org/10.21105/joss.00236}},
  title = {Brightway: an open source framework for life cycle assessment},
  downloaded = {failed},
}
@manual{mutel2017wurst,
  year = {2017},
  author = {Mutel, C.},
  url = {{https://buildmedia.readthedocs.org/media/pdf/wurst/stable/wurst.pdf}},
  title = {Wurst documentation},
  downloaded = {failed},
}
@misc{nl2016ceplan,
  year = {2016},
  author = {{Government of the Netherlands}},
  url = {{https://circulareconomy.europa.eu/platform/sites/default/files/17037circulaireeconomie_en.pdf}},
  title = {A Circular Economy in the Netherlands by 2050},
  downloaded = {failed},
}
@misc{nl2023ceplan,
  year = {2023},
  author = {{Government of the Netherlands}},
  url = {{https://www.government.nl/binaries/government/documenten/reports/2023/09/27/national-circular-economy-programme-2023-2030/NPCE+Circulaire+Economie+rapport+Engels.pdf}},
  title = {National Circular Economy Programme 2023-2030},
  downloaded = {failed},
}
@misc{oecd2015greengrowth,
  year = {2015},
  author = {{OECD}},
  doi = {10.1787/9789264190504-en},
  url = {{https://www.oecd-ilibrary.org/environment/material-resources-productivity-and-the-environment_9789264190504-en}},
  title = {Material Resources, Productivity and the Environment},
  downloaded = {failed},
}
@article{ogunseitan2023envjusticewaste,
  pages = {15--25},
  year = {2023},
  author = {Ogunseitan, Oladele A.},
  publisher = {Informa UK Limited},
  journal = {Environment: Science and Policy for Sustainable Development},
  doi = {10.1080/00139157.2023.2167457},
  url = {{http://doi.org/10.1080/00139157.2023.2167457}},
  issn = {1939-9154},
  title = {The Environmental Justice Agenda for E-Waste Management},
  downloaded = {failed},
}
@misc{pardo2018ce,
  year = {2018},
  author = {R. Pardo and J.P. Schweitzer},
  url = {{https://circulareconomy.europa.eu/platform/sites/default/files/think_2030_circular_economy.pdf}},
  title = {A Long-term Strategy for a European Circular Economy --- Setting the Course for Success},
  note = {Produced for the Think2030 project},
  organization = {Think2030},
  type = {Policy Paper},
  downloaded = {failed},
}
@misc{pbl2021ce,
  year = {2021},
  author = {Hanemaaijer, Aldert and Kishna, Maikel and Koch, Julia and Prins, Anne Gerdien and others},
  url = {{https://www.pbl.nl/sites/default/files/downloads/pbl-2021-possible-objectives-for-a-circular-economy-4685.pdf}},
  title = {Possible Objectives for a Circular Economy: Summary of the Dutch policy brief {`Mogelijke doelen voor een Circulaire Economie'}},
  organization = {PBL Netherlands Environmental Assessment Agency},
  downloaded = {failed},
}
@incollection{pellow2023envjusticewaste,
  pages = {71--85},
  year = {2023},
  author = {N. Pellow, David},
  publisher = {Edward Elgar Publishing},
  doi = {10.4337/9781800881136.00014},
  url = {{http://doi.org/10.4337/9781800881136.00014}},
  title = {Environmental Justice},
  month = {June},
  isbn = {9781800881136},
  booktitle = {Handbook on Inequality and the Environment},
  downloaded = {failed},
}
@article{qinli2002recycling,
  year = {2022},
  author = {Li, Fang-Qin and Wang, Peng and Chen, Wei and Chen, Wei-Qiang and others},
  publisher = {Elsevier {BV}},
  journal = {Sustainable Production and Consumption},
  doi = {10.1016/j.spc.2022.01.018},
  url = {{https://doi.org/10.1016/j.spc.2022.01.018}},
  title = {Exploring recycling potential of rare, scarce, and scattered metals: Present status and future directions},
  downloaded = {failed},
}
@article{reike2018rex,
  year = {2018},
  author = {Denise Reike and Walter J.V. Vermeulen and Sjors Witjes},
  journal = {Resources, Conservation and Recycling},
  doi = {{10.1016/j.resconrec.2017.08.027}},
  url = {{https://doi.org/10.1016/j.resconrec.2017.08.027}},
  title = {The circular economy: New or Refurbished as CE 3.0? -- Exploring Controversies in the Conceptualization of the Circular Economy through a Focus on History and Resource Value Retention Options},
  note = {Sustainable Resource Management and the Circular Economy},
  keywords = {Circular economy, Circularity, Closed-loop economy, Value preservation, Literature review},
  downloaded = {failed},
}
@article{Reinhard2019,
  year = {2019},
  author = {Reinhard, J. and others},
  publisher = {Springer Science and Business Media LLC},
  journal = {International Journal of Life Cycle Assessment},
  doi = {10.1007/s11367-019-01602-0},
  url = {{https://dx.doi.org/10.1007/s11367-019-01602-0}},
  title = {Contribution-based prioritization of {LCI} database improvements: the most important unit processes in ecoinvent},
  downloaded = {success},
  downloaded_url = {https://research.vu.nl/files/104499560/Reinhard2019_Article_Contribution_basedPrioritization.pdf},
}
@misc{remind2020model,
  year = {2020},
  author = {Tino Aboumahboub and Cornelia Auer and Nico Bauer and Lavinia Baumstark and others},
  doi = {10.5281/zenodo.3730918},
  url = {{https://www.pik-potsdam.de/research/transformation-pathways/models/remind}},
  title = {{REMIND - REgional Model of INvestments and Development - Version 2.1.0}},
  downloaded = {failed},
}
@article{reuter2012recyclinglimits,
  year = {2012},
  author = {Reuter, Markus and van Schaik, Antoinette},
  journal = {MRS Bulletin},
  doi = {10.1557/mrs.2012.57},
  url = {{https://dx.doi.org/10.1557/mrs.2012.57}},
  title = {Opportunities and limits of recycling: A dynamic-model-based analysis},
  downloaded = {success},
  downloaded_url = {https://link.springer.com/content/pdf/10.1557/mrs.2012.57.pdf},
}
@article{ridoutt2010wasteimpacts,
  pages = {1714--1721},
  year = {2010},
  author = {Ridoutt, B.G. and Juliano, P. and Sanguansri, P. and Sellahewa, J.},
  publisher = {Elsevier {BV}},
  journal = {Journal of Cleaner Production},
  doi = {10.1016/j.jclepro.2010.07.011},
  url = {{http://doi.org/10.1016/j.jclepro.2010.07.011}},
  issn = {0959-6526},
  title = {The water footprint of food waste: case study of fresh mango in Australia},
  downloaded = {failed},
}
@article{ridoutt2013footprints,
  pages = {337--339},
  year = {2013},
  author = {Ridoutt, Bradley G. and Pfister, Stephan},
  publisher = {Wiley},
  journal = {Journal of Industrial Ecology},
  doi = {10.1111/jiec.12026},
  url = {{http://doi.org/10.1111/jiec.12026}},
  issn = {1530-9290},
  title = {Towards an Integrated Family of Footprint Indicators},
  downloaded = {failed},
}
@article{sacchi2022premise,
  year = {2022},
  author = {Sacchi, R. and Terlouw, T. and Siala, K. and Dirnaichner, A. and others},
  journal = {Renewable and Sustainable Energy Reviews},
  doi = {10.1016/j.rser.2022.112311},
  url = {{http://doi.org/10.1016/j.rser.2022.112311}},
  title = {{PRospective EnvironMental Impact asSEment (premise): A streamlined approach to producing databases for prospective life cycle assessment using integrated assessment models}},
  downloaded = {failed},
}
@misc{sacchi2023premisedocs,
  year = {2023},
  author = {Sacchi, Romain and Terlouw, Tom and Siala, Kais and Dirnaichner, Alois and others},
  url = {{https://premise.readthedocs.io/}},
  title = {{premise | Documentation}},
  version = {1.4.2},
  downloaded = {failed},
}
@article{salviulo2021supplychain,
  year = {2021},
  author = {Salviulo, Gabriella and Lavagnolo, Maria Cristina and Dabal\`{a}, Manuele and Bernardo, Enrico and others},
  journal = {Chemistry --- A European Journal},
  doi = {10.1002/chem.202002844},
  url = {{https://dx.doi.org/10.1002/chem.202002844}},
  title = {Enabling Circular Economy: The Overlooked Role of Inorganic Materials Chemistry},
  downloaded = {failed},
}
@article{schaffartzik2013mfafootprint,
  pages = {102--112},
  year = {2013},
  author = {Schaffartzik, Anke and Eisenmenger, Nina and Krausmann, Fridolin and Weisz, Helga},
  publisher = {Wiley},
  journal = {Journal of Industrial Ecology},
  doi = {10.1111/jiec.12055},
  url = {{http://doi.org/10.1111/jiec.12055}},
  issn = {1530-9290},
  title = {{Consumption--based Material Flow Accounting: Austrian Trade and Consumption in Raw Material Equivalents 1995--2007}},
  downloaded = {failed},
}
@article{sonderegger2020mineralsinlca,
  pages = {784--797},
  year = {2020},
  author = {Sonderegger, Thomas and Berger, Markus and Alvarenga, Rodrigo and Bach, Vanessa and Cimprich, Alexander and Dewulf, Jo and Frischknecht, Rolf and Guinée, Jeroen and Helbig, Christoph and Huppertz, Tom and Jolliet, Olivier and Motoshita, Masaharu and Northey, Stephen and Rugani, Benedetto and Schrijvers, Dieuwertje and Schulze, Rita and Sonnemann, Guido and Valero, Alicia and Weidema, Bo P. and Young, Steven B.},
  publisher = {Springer Science and Business Media LLC},
  journal = {The International Journal of Life Cycle Assessment},
  doi = {{10.1007/s11367-020-01736-6}},
  url = {{http://doi.org/10.1007/s11367-020-01736-6}},
  issn = {1614-7502},
  title = {Mineral resources in life cycle impact assessment—part I: a critical review of existing methods},
  month = {February},
  number = {4},
  volume = {25},
  downloaded = {failed},
}
@article{ssp2020ghg,
  year = {2020},
  author = {Meinshausen, M. and Nicholls, Z. R. J. and Lewis, J. and Gidden, M. J. and others},
  journal = {Geoscientific Model Development},
  doi = {10.5194/gmd-13-3571-2020},
  url = {{https://dx.doi.org/10.5194/gmd-13-3571-2020}},
  title = {The shared socio-economic pathway {(SSP)} greenhouse gas concentrations and their extensions to 2500},
  downloaded = {success},
  downloaded_url = {https://gmd.copernicus.org/articles/13/3571/2020/gmd-13-3571-2020.pdf},
}
@misc{stehfest2014image,
  year = {2014},
  author = {Stehfest, Elke and van Vuuren, Detlef and Bouwman, Lex and Kram, Tom and others},
  publisher = {Netherlands Environmental Assessment Agency (PBL)},
  url = {{https://www.pbl.nl/en/publications/integrated-assessment-of-global-environmental-change-with-image-30-model-description-and-policy-applications#specifications}},
  title = {Integrated assessment of global environmental change with {IMAGE} 3.0: Model description and policy applications},
  isbn = {978-94-91506-71-0},
  downloaded = {failed},
}
@article{steinmann2017resourcefootprints,
  year = {2017},
  author = {Steinmann, Zoran J. N. and Schipper, Aafke M. and Hauck, Mara and Giljum, Stefan and others},
  journal = {Environmental Science \& Technology},
  doi = {10.1021/acs.est.7b00698},
  url = {{https://dx.doi.org/10.1021/acs.est.7b00698}},
  title = {Resource Footprints are Good Proxies of Environmental Damage},
  downloaded = {failed},
}
@article{steubing2020activitybrowser,
  year = {2020},
  author = {Steubing, Bernhard and de Koning, Daniel and Haas, Adrian and Mutel, Christopher Lucien},
  journal = {Software Impacts},
  doi = {10.1016/j.simpa.2019.100012},
  url = {{http://doi.org/10.1016/j.simpa.2019.100012}},
  title = {The {Activity Browser} --- An open source LCA software building on top of the brightway framework},
  downloaded = {failed},
}
@book{su2020sustainableproddev,
  year = {2020},
  publisher = {Springer International Publishing},
  doi = {10.1007/978-3-030-39149-2},
  url = {{http://doi.org/10.1007/978-3-030-39149-2}},
  title = {Sustainable Product Development: Tools, Methods and Examples},
  isbn = {9783030391492},
  editor = {Su, Daizhong},
  downloaded = {failed},
}
@article{towa2020wastefootprint,
  pages = {119359},
  year = {2020},
  author = {Towa, Edgar and Zeller, Vanessa and Achten, Wouter M.J.},
  publisher = {Elsevier {BV}},
  journal = {Journal of Cleaner Production},
  doi = {10.1016/j.jclepro.2019.119359},
  url = {{http://doi.org/10.1016/j.jclepro.2019.119359}},
  issn = {0959-6526},
  title = {Input-output models and waste management analysis: A critical review},
  downloaded = {success},
  downloaded_url = {https://dipot.ulb.ac.be/dspace/bitstream/2013/298791/3/Towa.etal.2020-Review-WIO.pdf},
}
@article{vanham2019footprints,
  year = {2019},
  author = {Vanham, Davy and Leip, Adrian and Galli, Alessandro and Kastner, Thomas and others},
  journal = {Science of The Total Environment},
  doi = {10.1016/j.scitotenv.2019.133642},
  url = {{http://doi.org/10.1016/j.scitotenv.2019.133642}},
  title = {Environmental footprint family to address local to planetary sustainability and deliver on the {SDGs}},
  downloaded = {failed},
}
@misc{wackernagel1994ecologicalfootprint,
  year = {1994},
  author = {Wackernagel, Mathis},
  publisher = {University of British Columbia},
  doi = {10.14288/1.0088048},
  url = {{http://doi.org/10.14288/1.0088048}},
  title = {Ecological footprint and appropriated carrying capacity : a tool for planning toward sustainability},
  note = {PhD Thesis},
  language = {en},
  downloaded = {failed},
}
@article{weidmann2013materialfootprint,
  pages = {6271--6276},
  year = {2013},
  author = {Wiedmann, Thomas O. and Schandl, Heinz and Lenzen, Manfred and Moran, Daniel and others},
  publisher = {Proceedings of the National Academy of Sciences},
  journal = {Proceedings of the National Academy of Sciences},
  doi = {10.1073/pnas.1220362110},
  url = {{http://doi.org/10.1073/pnas.1220362110}},
  issn = {1091-6490},
  title = {The material footprint of nations},
  downloaded = {failed},
}
@article{wiedmann2018materialfootprint,
  pages = {314--321},
  year = {2018},
  author = {Wiedmann, Thomas and Lenzen, Manfred},
  publisher = {Springer Science and Business Media LLC},
  journal = {Nature Geoscience},
  doi = {10.1038/s41561-018-0113-9},
  url = {{http://doi.org/10.1038/s41561-018-0113-9}},
  issn = {1752-0908},
  title = {Environmental and social footprints of international trade},
  downloaded = {failed},
}
@incollection{wu2020lcia,
  pages = {39--55},
  year = {2020},
  author = {Wu, You and Su, Daizhong},
  publisher = {Springer International Publishing},
  doi = {10.1007/978-3-030-39149-2_3},
  url = {{http://doi.org/10.1007/978-3-030-39149-2\%5F3}},
  title = {Review of Life Cycle Impact Assessment {(LCIA)} Methods and Inventory Databases},
  isbn = {9783030391492},
  booktitle = {Sustainable Product Development: Tools, Methods and Examples},
  downloaded = {failed},
}
