@article{arvidsson2020csi,
	title   = {A crustal scarcity indicator for long-term global elemental resource assessment in LCA},
	author  = {Arvidsson, Rickard and S\"{o}derman, Maria Ljunggren and Sand\'{e}n, Bj\"{o}rn A. and Nordel\"{o}f, Anders and others},
	year    = 2020,
	journal = {The International Journal of Life Cycle Assessment},
	url     = {https://doi.org/10.1007/s11367-020-01781-1},
}
@article{ayres1997recycling,
	title   = {Metals recycling: economic and environmental implications},
	author  = {Ayres, Robert U},
	year    = 1997,
	journal = {Resources, Conservation and Recycling},
	url     = {https://doi.org/10.1016/s0921-3449(97)00033-5},
}

 @article{ayres1998recycling,
	title   = {The second law, the fourth law, recycling and limits to growth},
	author  = {Ayres, Robert U},
	year    = 1999,
	journal = {Ecological Economics},
	url     = {https://doi.org/10.1016/s0921-8009(98)00098-6},
}

@inbook{berry2023crm,
	title     = {The Paradox of Green Growth: Challenges and Opportunities in Decarbonizing the Lithium-Ion Supply Chain},
	author    = {Berry, Chris},
	year      = 2023,
	booktitle = {Critical Minerals, the Climate Crisis and the Tech Imperium},
	publisher = {Springer Nature Switzerland},
	isbn      = 9783031255779,
	issn      = {2215-0064},
}
@article{beylot2018,
	title   = {Life cycle assessment of the French municipal solid waste incineration sector},
	author  = {Beylot, A. and Muller, S. and Descat, M. and M\'{e}nard, Y. and others},
	year    = 2018,
	journal = {Waste Management},
	url     = {https://doi.org/10.1016/j.wasman.2018.08.037},
}
@article{calistofriant2021ce,
	title   = {Analysing European Union circular economy policies: words versus actions},
	author  = {Martin {Calisto Friant} and Walter J.V. Vermeulen and Roberta Salomone},
	year    = 2021,
	journal = {Sustainable Production and Consumption},
	url     = {https://doi.org/10.1016/j.spc.2020.11.001},
}
@misc{cen2019en15804,
	title  = {EN 15804 Sustainability of construction works - Environmental product declarations - Core rules for the product category of construction products},
	author = {{CEN (European Committee for Standardization)}},
	year   = 2019,
	url    = {https://standards.cen.eu/dyn/www/f?p=204:110:0::::FSP_PROJECT,FSP_ORG_ID:62366,6202&cs=1C1F2C3C4C5C6C7C8C9CA},
}
 @article{chen2021methoduncertainty,
	title   = {Uncertainty caused by life cycle impact assessment methods: Case studies in process-based LCI databases},
	url     = {http://dx.doi.org/10.1016/j.resconrec.2021.105678},
	journal = {Resources, Conservation and Recycling},
	author  = {Chen, Xiaoju and Matthews, H. Scott and Griffin, W. Michael},
	year    = {2021},
}


@article{ecoinvent2016version3,
	title   = {The ecoinvent database version 3 (part I): overview and methodology},
	url     = {{http://dx.doi.org/10.1007/s11367-016-1087-8}},
	journal = {The International Journal of Life Cycle Assessment},
	author  = {Wernet, Gregor and Bauer, Christian and Steubing, Bernhard and Reinhard, Jürgen and Moreno-Ruiz, Emilia and Weidema, Bo},
	year    = {2016},
}
@misc{ellenmacarthur2015ce,
	title  = {Towards a circular economy: Business rationale for an accelerated transition},
	author = {{Ellen MacArthur Foundation}},
	year   = 2015,
	url    = {{https://www.ellenmacarthurfoundation.org/towards-a-circular-economy-business-rationale-for-an-accelerated-transition}},
}
@misc{eu2003weee,
	title        = {Directive 2002/96/EC Of The European Parliament and of The Council of 27 January 2003 on waste electrical and electronic equipment (WEEE)},
	author       = {{European Commission}},
	year         = 2003,
	url          = {http://eur-lex.europa.eu/LexUriServ/LexUriServ.do?uri=OJ:L:2003:037:0024:0038:en:PDF},
	organization = {{European Commission}},
}
@misc{eu2008wastedirective,
	title        = {Directive 2008/98/EC of the European Parliament and of the Council of 19 November 2008 on waste and repealing certain Directives (Text with EEA relevance)},
	author       = {{European Commission}},
	year         = 2008,
	url          = {https://eur-lex.europa.eu/legal-content/EN/TXT/PDF/?uri=CELEX:32008L0098},
	organization = {{European Commission}},
}
@misc{eu2012weee,
	title        = {Directive 2012/19/EU of the European Parliament and of the council of 4 July 2012 on waste electrical and electronic equipment (WEEE) text with EEA relevance},
	author       = {{European Commission}},
	year         = 2012,
	url          = {http://eur-lex.europa.eu/LexUriServ/LexUriServ.do?uri=OJ:L:2012:197:0038:0071:EN:PDF},
	organization = {{European Commission}},
}
@misc{eu2012weeerecast,
	title        = {Directive 2012/19/EU of the European Parliament and of the council of 4 July 2012 on waste electrical and electronic equipment (WEEE) (recast)},
	author       = {{European Commission}},
	year         = 2012,
	url          = {https://eur-lex.europa.eu/legal-content/EN/TXT/?uri=CELEX:32012L0019},
	organization = {{European Commission}},
}
@misc{eu2015reman,
	title        = {Remanufacturing market study},
	author       = {Parker, David and Riley, Kate and Robinson, Seigo and Symington, Harry and others},
	year         = 2015,
	organisation = {{European Remanufacturing Network (ERN)}},
	url          = {https://www.remanufacturing.eu/assets/pdfs/remanufacturing-market-study.pdf},
}
@misc{eu2018cemonitoring,
	title  = {Communication from the Commission to the European Parliament, the Council, the European Economic and Social Committee and the Committee of the Regions on a Monitoring Framework for the Circular Economy},
	author = {{European Commission}},
	year   = 2018,
	url    = {https://eur-lex.europa.eu/legal-content/EN/TXT/?qid=1516265440535&uri=COM:2018:29:FIN},
	note   = {COM (2018) 29 Final},
}
@misc{eu2019greendeal,
	title        = {The European Green Deal},
	author       = {{European Commission}},
	year         = 2019,
	url          = {https://eur-lex.europa.eu/legal-content/EN/TXT/?uri=COM:2019:640:FIN},
	organization = {European Commission},
}
@misc{eu2020circ,
	title        = {A New Circular Economy Action Plan For a Cleaner and More Competitive Europe},
	author       = {{European Commission}},
	year         = 2020,
	url          = {https://doi.org/10.2779/05068},
	organization = {{European Commission}},
}
@misc{eu2021crmscoreboard,
	title     = {3rd Raw Materials Scoreboard – European innovation partnership on raw materials},
	author    = {{European Commission and Directorate-General for Internal Market, Industry, Entrepreneurship and SMEs}},
	year      = 2021,
	publisher = {Publications Office},
	url       = {https://doi.org/doi/10.2873/567799},
}
@techreport{eu2022ecodesign,
	title        = {Proposal for Ecodesign for Sustainable Products Regulation: Establishing a framework for setting ecodesign requirements for sustainable products and repealing Directive 2009/125/EC},
	author       = {{European Union}},
	year         = 2022,
	url          = {{https://environment.ec.europa.eu/publications/proposal-ecodesign-sustainable-products-regulation_en}},
	organization = {{European Commission}},
}
@misc{eu2022repair,
	title     = {Product reparability scoring system: Specific application to smartphones and slate tablets},
	author    = {Alfieri, Felice and La Placa, Maria Grazia and others},
	year      = 2022,
	publisher = {European Commission, Joint Research Centre (JRC)},
}
@misc{doka2024publications,
	author       = {Doka, Gabor},
	title        = {Doka LCA | Publications},
	howpublished = {\url{https://www.doka.ch/publications.htm}},
	month        = {},
	year         = {2024},
	note         = {(Accessed on 01/24/2024)},
}

@misc{eu2023cemonitoring,
	title  = {Commission Staff Working Document: Measuring Progress towards Circular Economy in the European Union – Key Indicators for a Revised Monitoring Framework Accompanying the Document Communication from the Commission to the European Parliament, the Council, the European Economic and Social Committee and the Committee of the Regions on a Revised Monitoring Framework for the Circular Economy},
	author = {{European Commission}},
	year   = 2023,
	url    = {https://eur-lex.europa.eu/legal-content/EN/TXT/PDF/?uri=CELEX:52023SC0306},
	note   = {SWD/2023/306 final},
}
@misc{eu2023crmact,
	title        = {European Critical Raw Materials Act},
	author       = {{European Commission}},
	year         = 2023,
	url          = {{https://single-market-economy.ec.europa.eu/publications/european-critical-raw-materials-act_en}},
	organization = {{European Commission}},
}
@online{eu2023crmqna,
	title        = {Questions and Answers: The European Critical Raw Materials Act},
	author       = {{European Commission}},
	year         = 2023,
	url          = {{https://ec.europa.eu/commission/presscorner/detail/en/qanda_F23_F1662}},
	organization = {{European Commission}},
}
@misc{eu2023crmstudy,
	title        = {Study on the critical raw materials for the EU 2023 --– Final report},
	author       = {European Commission and Directorate-General for Internal Market, Industry, Entrepreneurship and SMEs and Grohol, M and others},
	year         = 2023,
	publisher    = {Publications Office of the European Union},
	url          = {https://doi.org/10.2873/725585},
	organization = {{European Commission}},
}
@techreport{foen2021ecofactors,
	title        = {Swiss Eco-Factors 2021 according to the Ecological Scarcity Method: Methodological fundamentals and their application in Switzerland},
	author       = {{Swiss Federal Office for the Environment (FOEN)}},
	year         = 2021,
	url          = {https://www.bafu.admin.ch/bafu/en/home/topics/economy-consumption/economy-and-consumption-publications/publications-economy-and-consumption/eco-factors-switzerland.html},
	organization = {Federal Office for the Environment, Bern},
}
@article{giampietro2020cecritique,
	title     = {From elite folk science to the policy legend of the circular economy},
	author    = {Mario Giampietro and Silvio O. Funtowicz},
	year      = 2020,
	journal   = {Environmental Science \& Policy},
	publisher = {Elsevier {BV}},
	url       = {https://doi.org/10.1016/j.envsci.2020.04.012},
}
@article{graedel2011urbanmine,
	title   = {The prospects for urban mining},
	author  = {Graedel, Thomas E},
	year    = 2011,
	journal = {Bridge},
}
@article{graedel2015materials,
	title   = {On the materials basis of modern society},
	author  = {T. E. Graedel and E. M. Harper and N. T. Nassar and others},
	year    = 2015,
	journal = {Proceedings of the National Academy of Sciences},
	url     = {https://doi.org/10.1073/pnas.1312752110},
}
@misc{guinee2002cml,
	title  = {Handbook on life cycle assessment. Operational guide to the ISO standards. I: LCA in perspective. IIa: Guide. IIb: Operational annex. III: Scientific background},
	author = {J. B. Guin\'{e}e and M. Gorr\'{e}e and R. Heijungs and others},
	year   = 2002,
	url    = {https://www.universiteitleiden.nl/en/research/research-projects/science/cml-new-dutch-lca-guide},
}
@article{guinee2004economicallocation,
	title   = {Economic Allocation: Examples and Derived Decision Tree},
	author  = {Guin\'{e}e, J. B. and Heijungs, R. and Huppes, G.},
	year    = 2004,
	journal = {International Journal of Life Cycle Assessment},
	url     = {https://doi.org/10.1007/BF02978533},
}
@article{guinee2021wasteisnotaservice,
	title   = {Waste is not a service},
	author  = {Guin\'{e}e, J. B. and Heijungs, R.},
	year    = 2021,
	journal = {The International Journal of Life Cycle Assessment},
	url     = {https://doi.org/10.1007/s11367-021-01955-5},
}
@software{gunnar2023remind,
	url       = {https://zenodo.org/record/3730918},
	author    = {Luderer, Gunnar and Bauer, Nico and Baumstark, Lavinia and Bertram, Christoph and Leimbach, Marian and Pietzcker, Robert and Strefler, Jessica and Aboumahboub, Tino and Abrahão, Gabriel and Auer, Cornelia and Benke, Falk and Bi, Stephen and Dietrich, Jan and Dirnaichner, Alois and Fuchs, Sophie and Führlich, Pascal and Giannousakis, Anastasis and Gong, Chen Chris and Haller, Markus and Hasse, Robin and Hilaire, Jerome and Hoppe, Johanna and Klein, David and Koch, Johannes and Körner, Alexander and Kowalczyk, Katarzyna and Kriegler, Elmar and Levesque, Antoine and Lorenz, Alexander and Ludig, Sylvie and Lüken, Michael and Malik, Aman and Mandaroux, Rahel and Manger, Susanne and Merfort, Anne and Merfort, Leon and Moreno-Leiva, Simón and Mouratiadou, Ioanna and Odenweller, Adrian and Pehl, Michaja and Pflüger, Mika and Piontek, Franziska and Popin, Laura and Rauner, Sebastian and Richters, Oliver and Rodrigues, Renato and Roming, Niklas and Rottoli, Marianna and Schmidt, Eva and Schötz, Christof and Schreyer, Felix and Schultes, Anselm and Sörgel, Björn and Ueckerdt, Falko and Verpoort, Philipp and Weigmann, Pascal},
	keywords  = {energy, economy, modeling},
	title     = {REMIND - REgional Model of INvestments and Development},
	publisher = {Zenodo},
	year      = {2023},
	copyright = {GNU Affero General Public License v3.0 or later},
}
@article{hartley2024cepolitics,
	title   = {Circular economy as crisis response: A primer},
	author  = {Hartley, Kris and Baldassarre, Brian and Kirchherr, Julian},
	year    = 2024,
	journal = {Journal of Cleaner Production},
	url     = {https://doi.org/10.1016/j.jclepro.2023.140140},
}
@inproceedings{hauschild2003edip,
	title  = {Spatial differentiation in life cycle impact assessment - the EDIP-2003 methodology. Guidelines from the Danish EPA},
	author = {Michael Zwicky Hauschild and Jos{\'e} Potting},
	year   = 2004,
	url    = {https://api.semanticscholar.org/CorpusID:113556375},
}
@article{hellweg2023lca,
	title   = {Life-cycle assessment to guide solutions for the triple planetary crisis},
	author  = {Hellweg, Stefanie and Benetto, Enrico and Huijbregts, Mark A. J. and Verones, Francesca and others},
	year    = 2023,
	journal = {Nature Reviews Earth \&amp; Environment},
	url     = {https://doi.org/10.1038/s43017-023-00449-2},
}
@article{hool2023crm,
	title   = {Challenges and opportunities of the European Critical Raw Materials Act},
	author  = {Hool, Alessandra and Helbig, Christoph and Wierink, Gijsbert},
	year    = 2023,
	journal = {Mineral Economics},
	url     = {https://doi.org/10.1007/s13563-023-00394-y},
}

 @article{huijbregts2016recipe,
	title   = {ReCiPe2016: a harmonised life cycle impact assessment method at midpoint and endpoint level},
	author  = {Huijbregts, Mark A. J. and Steinmann, Zoran J. N. and Elshout, Pieter M. F. and Stam, Gea and others},
	year    = 2016,
	journal = {The International Journal of Life Cycle Assessment},
	url     = {https://doi.org/10.1007/s11367-016-1246-y},
}
@article{huijbregts2010energyfootprint,
	title     = {Cumulative Energy Demand As Predictor for the Environmental Burden of Commodity Production},
	url       = {{http://dx.doi.org/10.1021/es902870s}},
	journal   = {Environmental Science \& Technology},
	publisher = {American Chemical Society (ACS)},
	author    = {Huijbregts, Mark A. J. and Hellweg, Stefanie and Frischknecht, Rolf and Hendriks, Harrie W. M. and Hungerbühler, Konrad and Hendriks, A. Jan},
	year      = {2010},
}

@misc{huijbregts2016recipereport,
	title     = {ReCiPe 2016 : A harmonized life cycle impact assessment method at midpoint and endpoint level Report I: Characterization},
	author    = {Huijbregts MAJ and Steinmann ZJN and Elshout PMF and Stam G and others},
	year      = 2016,
	publisher = {Rijksinstituut voor Volksgezondheid en Milieu RIVM},
}
 @misc{iea2022worldenergyoutlook,
	title        = {World Energy Outlook 2022},
	author       = {International Energy Agency (IEA)},
	year         = 2022,
	url          = {https://iea.blob.core.windows.net/assets/830fe099-5530-48f2-a7c1-11f35d510983/WorldEnergyOutlook2022.pdf},
	organization = {International Energy Agency (IEA)},
}


@dataset{iea2022worldenergyoutlookdata,
	title        = {World Energy Outlook 2022},
	author       = {International Energy Agency (IEA)},
	year         = 2022,
	url          = {https://iea.blob.core.windows.net/assets/830fe099-5530-48f2-a7c1-11f35d510983/WorldEnergyOutlook2022.pdf},
	organization = {International Energy Agency (IEA)},
}
@misc{iea2023crm,
	title        = {Critical Minerals Market Review 2023},
	author       = {International Energy Agency (IEA)},
	year         = 2023,
	url          = {https://www.iea.org/reports/critical-minerals-market-review-2023},
	organization = {International Energy Agency (IEA)},
}
@dataset{iea2023crmdata,
	title        = {Critical Minerals Demand Dataset},
	author       = {International Energy Agency (IEA)},
	year         = 2023,
	url          = {https://www.iea.org/data-and-statistics/data-product/critical-minerals-demand-dataset},
	organization = {International Energy Agency (IEA)},
}
@misc{iea2023energytechperspectives,
	title  = {Energy Technology Perspectives 2023},
	author = {International Energy Agency (IEA)},
	year   = 2023,
	doi    = {https://doi.org/10.1787/7c6b23db-en},
}
@techreport{jrc2022energyclimateoutlook,
	title     = {Global Energy and Climate Outlook 2022: Energy trade in a decarbonised world},
	author    = {Keramidas K and Fosse F and Diaz Rincon A and Dowling P and others},
	year      = 2022,
	publisher = {Publications Office of the European Union},
	url       = {https://doi.org/10.2760/863694},
	type      = {Policy assessment},
}
@misc{jrc2023supplychain,
	title        = {Supply chain analysis and material demand forecast in strategic technologies and sectors in the EU – A foresight study},
	author       = {Carrara, Stefano and Bobba, Silvia and Blagoeva, Darina and Alves Dias, Patricia and others},
	year         = 2023,
	url          = {https://doi.org/10.2760/334074},
	organization = {Publications Office of the European Union},
}
@misc{jrc2023supplychaindata,
	title        = {Supply chain analysis and material demand forecast in strategic technologies and sectors in the EU – A foresight study},
	author       = {Carrara Samuel and Bobba Silvia and Blagoeva Darina and Alves Dias Patricia and others},
	year         = 2023,
	url          = {https://doi.org/10.5281/zenodo.7736782},
	organization = {Publications Office of the European Union},
}
@book{kalantzakos2023crm,
	title     = {Critical Minerals, the Climate Crisis and the Tech Imperium},
	year      = 2023,
	journal   = {Archimedes},
	publisher = {Springer Nature Switzerland},
	isbn      = 9783031255779,
	issn      = {2215-0064},
	url       = {https://doi.org/10.1007/978-3-031-25577-9},
}
@article{laurent2012carbonfootprint,
	title     = {Limitations of Carbon Footprint as Indicator of Environmental Sustainability},
	url       = {http://dx.doi.org/10.1021/es204163f},
	publisher = {American Chemical Society (ACS)},
	author    = {Laurent, Alexis and Olsen, Stig I. and Hauschild, Michael Z.},
	year      = {2012},
}
@article{laurenti2016wastefootprint,
	title   = {Calculating the pre-consumer waste footprint: A screening study of 10 selected products},
	author  = {Laurenti, Rafael and Moberg, \AA{}sa and Stenmarck, \AA{}sa},
	year    = 2016,
	journal = {Waste Management \&amp; Research: The Journal for a Sustainable Circular Economy},
	url     = {https://doi.org/10.1177/0734242x16675686},
}
@article{laurenti2023wastefootprint,
	title   = {Analyzing the relationship between product waste footprints and environmental damage – A life cycle analysis of 1,400+ products},
	author  = {Laurenti, R. and Demirer Demir, D. and Finnveden, G.},
	year    = 2023,
	journal = {Science of The Total Environment},
	url     = {https://doi.org/10.1016/j.scitotenv.2022.160405},
}
@misc{mancini2013supplysecurity,
	title        = {Security of supply and scarcity of raw materials: Towards a methodological framework for sustainability assessment},
	author       = {Mancini, Lucia and De Camillis, Camillo and Pennington, David},
	year         = 2013,
	url          = {https://doi.org/10.2788/94926},
	organization = {European Commission},
}
@manual{mcdowall2023wmfdocs,
	author = {Stewart Charles McDowall},
	title  = {WasteAndMaterialFootprint documentation},
	url    = {{https://wasteandmaterialfootprint.readthedocs.io/en/latest/index.html}},
	year   = {2023},
	note   = {(Accessed on 01/11/2024)},
}
@software{mcdowall2023wmfpipy,
	author = {Stewart Charles McDowall and Elizabeth Lanphere},
	title  = {WasteAndMaterialFootprint · PyPI},
	url    = {{https://pypi.org/project/WasteAndMaterialFootprint/}},
	year   = {2023},
	note   = {(Accessed on 01/12/2024)},
}
@software{mcdowall2023wmfzenodo,
	url       = {{https://zenodo.org/doi/10.5281/zenodo.10431180}},
	author    = {McDowall, Stewart Charles and Lanphere, Elizabeth},
	title     = {WasteAndMaterialFootprint},
	publisher = {Zenodo},
	year      = {2023},
	copyright = {Creative Commons Attribution 4.0 International},
}
@software{mcdowall2024wmfgithub,
	author = {Stewart Charles McDowall},
	title  = {WasteAndMaterialFootprint: A program for Life Cycle Assessment (LCA) calculations of supply chain waste and material footprints},
	url    = {{https://github.com/Stew-McD/WasteAndMaterialFootprint}},
}
@techreport{morenoruiz2020,
	title        = {Documentation of changes implemented in ecoinvent database v3. 7 \& v3. 7.1},
	author       = {Moreno Ruiz, E. and others},
	year         = 2020,
	url          = {https://ecoinvent.org/wp-content/uploads/2022/10/ChangeReportv3.9.pdf},
	organization = {ecoinvent Association},
}
@article{morseletto2020cetargets,
	title   = {Targets for a circular economy},
	author  = {Piero Morseletto},
	year    = 2020,
	journal = {Resources, Conservation and Recycling},
	url     = {https://doi.org/10.1016/j.resconrec.2019.104553},
}
@software{mutel2016brightway2analyzer,
	author = {Mutel, C.},
	title  = {Brightway2-analyzer},
	url    = {{https://github.com/brightway-lca/brightway2-analyzer}},
	year   = {2016},
	note   = {(Accessed on 01/12/2024)},
}
@article{mutel2017brightway,
	title   = {Brightway: an open source framework for life cycle assessment},
	author  = {Mutel, C.},
	year    = 2017,
	journal = {Journal of Open Source Software},
	url     = {https://doi.org/10.21105/joss.00236},
}
@manual{mutel2017wurst,
	title  = {Wurst documentation},
	author = {Mutel, C.},
	year   = 2017,
	url    = {https://buildmedia.readthedocs.org/media/pdf/wurst/stable/wurst.pdf},
}
@misc{nl2016ceplan,
	title  = {A Circular Economy in the Netherlands by 2050},
	author = {{Government of the Netherlands}},
	year   = 2016,
	url    = {{https://circulareconomy.europa.eu/platform/sites/default/files/17037circulaireeconomie{\_}en.pdf}},
}
@misc{nl2023ceplan,
	title  = {National Circular Economy Programme 2023-2030},
	author = {{Government of the Netherlands}},
	year   = 2023,
	url    = {https://www.government.nl/binaries/government/documenten/reports/2023/09/27/national-circular-economy-programme-2023-2030/NPCE+Circulaire+Economie+rapport+Engels.pdf},
}
@misc{oecd2015greengrowth,
	title  = {Material Resources, Productivity and the Environment},
	author = {{OECD}},
	year   = 2015,
	doi    = {https://doi.org/10.1787/9789264190504-en},
}
@misc{pardo2018ce,
	title        = {A Long-term Strategy for a European Circular Economy – Setting the Course for Success},
	author       = {R. Pardo and J.P. Schweitzer},
	year         = 2018,
	note         = {Produced for the Think2030 project},
	organization = {Think2030},
	type         = {Policy Paper},
}
@misc{pbl2021ce,
	title        = {Possible Objectives for a Circular Economy: Summary of the Dutch policy brief `Mogelijke doelen voor een Circulaire Economie'},
	author       = {Hanemaaijer, Aldert and Kishna, Maikel and Koch, Julia and Prins, Anne Gerdien and others},
	year         = 2021,
	url          = {https://www.pbl.nl/sites/default/files/downloads/pbl-2021-possible-objectives-for-a-circular-economy-4685.pdf},
	organization = {PBL Netherlands Environmental Assessment Agency},
}
@article{qinli2002recycling,
	title     = {Exploring recycling potential of rare, scarce, and scattered metals: Present status and future directions},
	author    = {Li, Fang-Qin and Wang, Peng and Chen, Wei and Chen, Wei-Qiang and others},
	year      = 2022,
	journal   = {Sustainable Production and Consumption},
	publisher = {Elsevier BV},
	url       = {https://doi.org/10.1016/j.spc.2022.01.018},
}


@article{reike2018rex,
	title    = {The circular economy: New or Refurbished as CE 3.0? -- Exploring Controversies in the Conceptualization of the Circular Economy through a Focus on History and Resource Value Retention Options},
	author   = {Denise Reike and Walter J.V. Vermeulen and Sjors Witjes},
	year     = 2018,
	journal  = {Resources, Conservation and Recycling},
	doi      = {https://doi.org/10.1016/j.resconrec.2017.08.027},
	note     = {Sustainable Resource Management and the Circular Economy},
	keywords = {Circular economy, Circularity, Closed-loop economy, Value preservation, Literature review},
}
@article{Reinhard2019,
	title   = {Contribution-based prioritization of LCI database improvements: the most important unit processes in ecoinvent},
	author  = {Reinhard, J. and others},
	year    = 2019,
	journal = {International Journal of Life Cycle Assessment},
}
@misc{remind2020model,
	title  = {REMIND - REgional Model of INvestments and Development - Version 2.1.0},
	author = {Tino Aboumahboub and Cornelia Auer and Nico Bauer and Lavinia Baumstark and others},
	year   = 2020,
	url    = {https://www.pik-potsdam.de/research/transformation-pathways/models/remind},
}

 @article{reuter2012recyclinglimits,
	title   = {Opportunities and limits of recycling: A dynamic-model-based analysis},
	author  = {Reuter, Markus and van Schaik, Antoinette},
	year    = 2012,
	journal = {MRS Bulletin},
	url     = {https://doi.org/10.1557/mrs.2012.57},
}
@article{ridoutt2013footprints,
	title     = {Towards an Integrated Family of Footprint Indicators},
	volume    = {17},
	issn      = {1530-9290},
	url       = {http://dx.doi.org/10.1111/jiec.12026},
	doi       = {10.1111/jiec.12026},
	number    = {3},
	journal   = {Journal of Industrial Ecology},
	publisher = {Wiley},
	author    = {Ridoutt, Bradley G. and Pfister, Stephan},
	year      = {2013},
	month     = apr,
	pages     = {337–339},
}
@article{sacchi2022premise,
	title   = {PRospective EnvironMental Impact asSEment (premise): A streamlined approach to producing databases for prospective life cycle assessment using integrated assessment models},
	url     = {http://dx.doi.org/10.1016/j.rser.2022.112311},
	journal = {Renewable and Sustainable Energy Reviews},
	author  = {Sacchi, R. and Terlouw, T. and Siala, K. and Dirnaichner, A. and Bauer, C. and Cox, B. and Mutel, C. and Daioglou, V. and Luderer, G.},
	year    = {2022},
}
@article{salviulo2021supplychain,
	title   = {Enabling Circular Economy: The Overlooked Role of Inorganic Materials Chemistry},
	author  = {Salviulo, Gabriella and Lavagnolo, Maria Cristina and Dabal\`{a}, Manuele and Bernardo, Enrico and others},
	year    = 2021,
	journal = {Chemistry – A European Journal},
	url     = {https://doi.org/10.1002/chem.202002844},
}
@article{ssp2020ghg,
	title   = {The shared socio-economic pathway (SSP) greenhouse gas concentrations and their extensions to 2500},
	author  = {Meinshausen, M. and Nicholls, Z. R. J. and Lewis, J. and Gidden, M. J. and others},
	year    = 2020,
	journal = {Geoscientific Model Development},
	url     = {https://doi.org/10.5194/gmd-13-3571-2020},
}
 @book{stehfest2014image,
	title     = {Integrated assessment of global environmental change with IMAGE 3.0: Model description and policy applications},
	author    = {Stehfest, Elke and van Vuuren, Detlef and Bouwman, Lex and Kram, Tom and others},
	year      = {2014},
	publisher = {Netherlands Environmental Assessment Agency (PBL)},
	url       = {{https://dspace.library.uu.nl/bitstream/handle/1874/308545/PBL_2014_Integrated_Assessment_of_Global_Environmental_Change_with_IMAGE_30_735.pdf}},
}

@article{steinmann2017resourcefootprints,
	title   = {Resource Footprints are Good Proxies of Environmental Damage},
	author  = {Steinmann, Zoran J. N. and Schipper, Aafke M. and Hauck, Mara and Giljum, Stefan and others},
	year    = 2017,
	journal = {Environmental Science \&amp; Technology},
	url     = {{https://doi.org/10.1021/acs.est.7b00698}},
}

 @article{steubing2020activitybrowser,
	title   = {The Activity Browser — An open source LCA software building on top of the brightway framework},
	url     = {http://dx.doi.org/10.1016/j.simpa.2019.100012},
	journal = {Software Impacts},
	author  = {Steubing, Bernhard and de Koning, Daniel and Haas, Adrian and Mutel, Christopher Lucien},
	year    = {2020},
}

 @article{vanham2019footprints,
	title   = {Environmental footprint family to address local to planetary sustainability and deliver on the SDGs},
	url     = {http://dx.doi.org/10.1016/j.scitotenv.2019.133642},
	journal = {Science of The Total Environment},
	author  = {Vanham, Davy and Leip, Adrian and Galli, Alessandro and Kastner, Thomas and Bruckner, Martin and Uwizeye, Aimable and van Dijk, Kimo and Ercin, Ertug and Dalin, Carole and Brandão, Miguel and Bastianoni, Simone and Fang, Kai and Leach, Allison and Chapagain, Ashok and Van der Velde, Marijn and Sala, Serenella and Pant, Rana and Mancini, Lucia and Monforti-Ferrario, Fabio and Carmona-Garcia, Gema and Marques, Alexandra and Weiss, Franz and Hoekstra, Arjen Y.},
	year    = {2019},
}

