@ARTICLE{akese2018envjustice,
  title     = {Electronic Waste and the Environmental Justice Challenge in Agbogbloshie},
  issn      = {1937-5174},
  url       = {http://dx.doi.org/10.1089/env.2017.0039},
  doi       = {10.1089/env.2017.0039},
  journal   = {Environmental Justice},
  publisher = {Mary Ann Liebert Inc},
  author    = {Akese, Grace A. and Little, Peter C.},
  year      = {2018},
  pages     = {77--83}
}
@ARTICLE{arvidsson2020csi,
  title   = {A crustal scarcity indicator for long-term global elemental resource assessment in LCA},
  author  = {Arvidsson, Rickard and S\"{o}derman, Maria Ljunggren and Sand\'{e}n, Bj\"{o}rn A. and Nordel\"{o}f, Anders and others},
  year    = 2020,
  journal = {The International Journal of Life Cycle Assessment},
  url     = {{https://dx.doi.org/10.1007/s11367-020-01781-1}},
  doi     = {10.1007/s11367-020-01781-1}
}

@ARTICLE{ayres1997recycling,
  title   = {Metals recycling: economic and environmental implications},
  author  = {Ayres, Robert U},
  year    = 1997,
  journal = {Resources, Conservation and Recycling},
  url     = {{https://doi.org/10.1016/s0921-3449(97)00033-5}},
  doi     = {10.1016/s0921-3449(97)00033-5}
}

@ARTICLE{ayres1998recycling,
  title   = {The second law, the fourth law, recycling and limits to growth},
  author  = {Ayres, Robert U},
  year    = 1999,
  journal = {Ecological Economics},
  url     = {{https://doi.org/10.1016/s0921-8009(98)00098-6}},
  doi     = {10.1016/s0921-8009(98)00098-6}
}
@ARTICLE{berger2020mineralsinlca,
  title     = {Mineral resources in life cycle impact assessment: part II
               --- recommendations on application-dependent use of existing methods and on future
               method development needs},
  volume    = {25},
  issn      = {1614-7502},
  url       = {{http://doi.org/10.1007/s11367-020-01737-5}},
  doi       = {10.1007/s11367-020-01737-5},
  number    = {4},
  journal   = {The International Journal of Life Cycle Assessment},
  publisher = {Springer Science and Business Media LLC},
  author    = {Berger, Markus and Sonderegger, Thomas and Alvarenga, Rodrigo and Bach, Vanessa and Cimprich, Alexander and Dewulf, Jo and Frischknecht, Rolf and Guinée, Jeroen and Helbig, Christoph and Huppertz, Tom and Jolliet, Olivier and Motoshita, Masaharu and Northey, Stephen and Peña, Claudia A. and Rugani, Benedetto and Sahnoune, Abdelhadi and Schrijvers, Dieuwertje and Schulze, Rita and Sonnemann, Guido and Valero, Alicia and Weidema, Bo P. and Young, Steven B.},
  year      = {2020},
  month     = feb,
  pages     = {798--813}
}
@incollection{berry2023crm,
  title     = {The Paradox of Green Growth: Challenges and Opportunities in Decarbonizing the Lithium-Ion Supply Chain},
  author    = {Berry, Chris},
  year      = 2023,
  editor    = {Kalantzakos, Sophia},
  booktitle = {Critical Minerals, the Climate Crisis and the Tech Imperium},
  publisher = {Springer Nature Switzerland},
  isbn      = 9783031255779,
  issn      = {2215-0064},
  pages     = {107--123},
  url       = {{http://dx.doi.org/10.1007/978-3-031-25577-9_6}},
  doi       = {10.1007/978-3-031-25577-9_6}
}
@ARTICLE{beylot2018,
  title   = {Life cycle assessment of the French municipal solid waste incineration sector},
  author  = {Beylot, A. and Muller, S. and Descat, M. and M\'{e}nard, Y. and others},
  year    = 2018,
  journal = {Waste Management},
  url     = {{https://doi.org/10.1016/j.wasman.2018.08.037}},
  doi     = {10.1016/j.wasman.2018.08.037}
}
@ARTICLE{bisinella2024wastelca,
  title     = {Waste LCA and the future},
  author    = {Bisinella, V. and Schmidt, S. and Varling, A.S. and Laner, D. and others},
  year      = 2024,
  journal   = {Waste Management},
  publisher = {Elsevier {BV}},
  pages     = {53--75},
  doi       = {10.1016/j.wasman.2023.11.021},
  issn      = {0956-053x},
  url       = {{http://doi.org/10.1016/j.wasman.2023.11.021}}
}
@ARTICLE{blanco2020exante,
  title     = {Assessing the sustainability of emerging technologies: A probabilistic LCA method applied to advanced photovoltaics},
  author    = {Blanco, Carlos F. and Cucurachi, Stefano and Guinée, Jeroen B. and Vijver, Martina G. and others},
  year      = 2020,
  journal   = {Journal of Cleaner Production},
  publisher = {Elsevier {BV}},
  doi       = {10.1016/j.jclepro.2020.120968},
  issn      = {0959-6526},
  url       = {{http://doi.org/10.1016/j.jclepro.2020.120968}}
}
@ARTICLE{calistofriant2021ce,
  title   = {Analysing European Union circular economy policies: words versus actions},
  author  = {Martin {Calisto Friant} and Walter J.V. Vermeulen and Roberta Salomone},
  year    = 2021,
  journal = {Sustainable Production and Consumption},
  url     = {{https://doi.org/10.1016/j.spc.2020.11.001}},
  doi     = {10.1016/j.spc.2020.11.001}
}
@misc{cen2019en15804,
  title  = {EN 15804 Sustainability of construction works - Environmental product declarations - Core rules for the product category of construction products},
  author = {{CEN (European Committee for Standardization)}},
  year   = 2019,
  url    = {{https://standards.cencenelec.eu/dyn/www/f?p=205:7:0::::FSP_ORG_ID:481830&cs=1F34565A9E5B582575682802C33AE3275}}
}
@ARTICLE{chen2021methoduncertainty,
  title   = {Uncertainty caused by life cycle impact assessment methods: Case studies in process-based LCI databases},
  author  = {Chen, Xiaoju and Matthews, H. Scott and Griffin, W. Michael},
  year    = 2021,
  journal = {Resources, Conservation and Recycling},
  url     = {{http://doi.org/10.1016/j.resconrec.2021.105678}},
  doi     = {10.1016/j.resconrec.2021.105678}
}
@incollection{cucek2015environmentalfootprints,
  title     = {Overview of environmental footprints},
  author    = {{\v{C}}u{\v{c}}ek, Lidija and Kleme{\v{s}}, Ji{\v{r}}í Jaromír and Kravanja, Zdravko},
  year      = 2015,
  booktitle = {Assessing and Measuring Environmental Impact and Sustainability},
  pages     = {131--193},
  doi       = {10.1016/b978-0-12-799968-5.00005-1},
  url       = {{http://doi.org/10.1016/B978-0-12-799968-5.00005-1}},
  editor    = {Ji{\v{ř}}{\v{í}} Jarom{\v{í}}r Kleme{\v{š}}},
  publisher = {Butterworth-Heinemann},
  address   = {Oxford},
  isbn      = {978-0-12-799968-5}
}
@ARTICLE{cucurachi2018exante,
  title     = {Ex-ante LCA of Emerging Technologies},
  author    = {Cucurachi, Stefano and van der Giesen, Coen and Guinée, Jeroen},
  year      = 2018,
  journal   = {Procedia CIRP},
  publisher = {Elsevier {BV}},
  pages     = {463--468},
  doi       = {10.1016/j.procir.2017.11.005},
  issn      = {2212-8271},
  url       = {{http://doi.org/10.1016/j.procir.2017.11.005}}
}
@misc{demirer2019wastefootprint,
  author  = {Demirer, D. Demir},
  title   = {Quantifying the relationship between the waste footprint and environmental impact of products},
  school  = {KTH Royal Institute of Technology, School of Architecture and the Built Environment, Department of Sustainable Development, Environmental Science and Engineering},
  year    = {2019},
  url     = {{https://urn.kb.se/resolve?urn=urn:nbn:se:kth:diva-263130}},
  address = {Stockholm, Sweden},
  note    = {Master thesis}
}
@misc{doka2024publications,
  title  = {Doka LCA --- Publications},
  author = {Doka, Gabor},
  year   = 2024,
  note   = {(Accessed on 01/24/2024)},
  url    = {{https://www.doka.ch/publications.htm}}
}
@ARTICLE{dziejarski2023ccs,
  title     = {Current status of carbon capture, utilization, and storage technologies in the global economy: A survey of technical assessment},
  author    = {Dziejarski, Bartosz and Krzyżyńska, Renata and Andersson, Klas},
  year      = 2023,
  journal   = {Fuel},
  publisher = {Elsevier},
  pages     = {127776},
  doi       = {10.1016/j.fuel.2023.127776},
  issn      = {0016-2361},
  url       = {{https://doi.org/10.1016/j.fuel.2023.127776}}
}
@ARTICLE{ecoinvent2016version3,
  title   = {The ecoinvent database version 3 (part I): overview and methodology},
  author  = {Wernet, Gregor and Bauer, Christian and Steubing, Bernhard and Reinhard, Jürgen and others},
  year    = 2016,
  journal = {The International Journal of Life Cycle Assessment},
  url     = {{http://doi.org/10.1007/s11367-016-1087-8}},
  doi     = {10.1007/s11367-016-1087-8}
}
@misc{ellenmacarthur2015ce,
  title  = {Towards a circular economy: Business rationale for an accelerated transition},
  author = {{Ellen MacArthur Foundation}},
  year   = 2015,
  url    = {{https://www.ellenmacarthurfoundation.org/towards-a-circular-economy-business-rationale-for-an-accelerated-transition}}
}
@misc{eu2003weee,
  title        = {{Directive 2002/96/{EC} Of The EuropeBlancoan Parliament and of The Council of 27 January 2003 on waste electrical and electronic equipment (WEEE)}},
  year         = 2003,
  url          = {{https://eur-lex.europa.eu/legal-content/EN/TXT/?uri=CELEX:32002L0096}},
  organization = {{European Commission}},
  author       = {{European Commission}}
}
@misc{eu2008wastedirective,
  title        = {{Directive 2008/98/{EC} of the European Parliament and of the Council of 19 November 2008 on waste and repealing certain Directives (Text with EEA relevance)}},
  year         = 2008,
  url          = {{https://eur-lex.europa.eu/legal-content/EN/TXT/PDF/?uri=CELEX:32008L0098}},
  author       = {{European Commission}},
  organization = {{European Commission}}
}
@misc{eu2012weee,
  title        = {{Directive 2012/19/EU of the European Parliament and of the council of 4 July 2012 on waste electrical and electronic equipment (WEEE) text with EEA relevance}},
  year         = 2012,
  url          = {{https://eur-lex.europa.eu/legal-content/EN/TXT/?uri=CELEX:32012L0019}},
  organization = {{European Commission}},
  author       = {{European Commission}}
}
@misc{eu2012weeerecast,
  title        = {{Directive 2012/19/EU of the European Parliament and of the council of 4 July 2012 on waste electrical and electronic equipment (WEEE) (recast)}},
  year         = 2012,
  url          = {{https://eur-lex.europa.eu/legal-content/EN/TXT/?uri=CELEX:32012L0019}},
  organization = {{European Commission}},
  author       = {{European Commission}}
}
@misc{eu2015reman,
  title        = {Remanufacturing market study},
  author       = {Parker, David and Riley, Kate and Robinson, Seigo and Symington, Harry and others},
  year         = 2015,
  url          = {{https://www.remanufacturing.eu/assets/pdfs/remanufacturing-market-study.pdf}},
  organisation = {{European Remanufacturing Network (ERN)}}
}
@misc{eu2018cemonitoring,
  title = {Communication from the Commission to the European Parliament, the Council, the European Economic and Social Committee and the Committee of the Regions on a Monitoring Framework for the Circular Economy},
  year  = 2018,
  url   = {{https://eur-lex.europa.eu/legal-content/EN/TXT/?qid=1516265440535&uri=COM:2018:29:FIN}},
  note  = {COM (2018) 29 Final}
}
@misc{eu2019greendeal,
  title        = {{The European Green Deal}},
  year         = 2019,
  url          = {{https://eur-lex.europa.eu/legal-content/EN/TXT/?uri=COM:2019:640:FIN}},
  author       = {{European Commission}},
  organization = {European Commission}
}
@misc{eu2020circ,
  title        = {A New Circular Economy Action Plan For a Cleaner and More Competitive Europe},
  year         = 2020,
  url          = {{https://doi.org/10.2779/05068}},
  doi          = {10.2779/05068},
  author       = {{European Commission}},
  organization = {{European Commission}}
}
@misc{eu2021crmscoreboard,
  title        = {{3rd Raw Materials Scoreboard --- European innovation partnership on raw materials}},
  author       = {{European Commission and Directorate-General for Internal Market, Industry, Entrepreneurship and SMEs}},
  year         = 2021,
  organization = {{European Commission}},
  url          = {{https://doi.org/doi/10.2873/567799}},
  doi          = {10.2873/567799}
}
@misc{eu2022ecodesign,
  title        = {{Proposal for Ecodesign for Sustainable Products Regulation: Establishing a framework for setting ecodesign requirements for sustainable products and repealing Directive 2009/125/EC}},
  year         = 2022,
  author       = {{European Commission}},
  organization = {{European Commission}},
  url          = {{https://environment.ec.europa.eu/publications/proposal-ecodesign-sustainable-products-regulation_en}}
}
@misc{eu2022repair,
  title        = {{Product reparability scoring system: Specific application to smartphones and slate tablets}},
  author       = {Alfieri, Felice and La Placa, Maria Grazia and others},
  year         = 2022,
  organization = {{European Commission}},
  publisher    = {European Commission, Joint Research Centre (JRC)},
  url          = {{https://data.europa.eu/doi/10.2760/340944}},
  doi          = {10.2760/340944}
}
@misc{eu2023cemonitoring,
  title        = {{Commission Staff Working Document: Measuring Progress towards Circular Economy in the European Union --- Key Indicators for a Revised Monitoring Framework Accompanying the Document Communication from the Commission to the European Parliament, the Council, the European Economic and Social Committee and the Committee of the Regions on a Revised Monitoring Framework for the Circular Economy}},
  author       = {{European Commission}},
  organization = {{European Commission}},
  year         = 2023,
  url          = {{https://eur-lex.europa.eu/legal-content/EN/TXT/PDF/?uri=CELEX:52023SC0306}},
  note         = {SWD/2023/306 final}
}
@misc{eu2023crmact,
  title        = {{European Critical Raw Materials Act}},
  author       = {{European Commission}},
  year         = 2023,
  url          = {{https://single-market-economy.ec.europa.eu/publications/european-critical-raw-materials-act\%5Fen}},
  organization = {{European Commission}}
}
@online{eu2023crmqna,
  title        = {{Questions and Answers: The European Critical Raw Materials Act}},
  author       = {{European Commission}},
  year         = 2023,
  url          = {{https://ec.europa.eu/commission/presscorner/detail/en/qanda\%5FF23\%5FF1662}},
  organization = {{European Commission}}
}
@misc{eu2023crmstudy,
  title        = {{Study on the critical raw materials for the {EU} 2023 --- Final report}},
  author       = {{European Commission and DG-GROW}},
  year         = 2023,
  publisher    = {{Publications Office of the European Union}},
  url          = {{https://doi.org/10.2873/725585}},
  doi          = {10.2873/725585},
  organization = {{European Commission}}
}
@misc{eu2023ef,
  author       = {{Andreasi Bassi, S and Biganzoli, F and Ferrara, N and others}},
  title        = {{Updated characterisation and normalisation factors for the environmental footprint 3.1 method (EF)}},
  publisher    = {{Publications Office of the European Union}},
  year         = {2023},
  organization = {{Joint Research Centre (JRC) and European Commission}},
  doi          = {doi/10.2760/798894},
  url          = {{https://doi.org/10.2760/798894}}
}
@ARTICLE{fitzgerald2023ecoinventdocumentation,
  title   = {{Documentation of changes implemented in the ecoinvent database v3.10}},
  author  = {FitzGerald, D and Bourgault, G and Vadenbo, C and Sonderegger, T and others},
  year    = 2023,
  journal = {database},
  url     = {{https://ecoinvent.org/wp-content/uploads/2023/11/Change-Report-v3.10.pdf}}
}
@misc{foen2021ecofactors,
  title        = {{Swiss Eco-Factors 2021 according to the Ecological Scarcity Method: Methodological fundamentals and their application in Switzerland}},
  author       = {{Swiss Federal Office for the Environment (FOEN)}},
  year         = 2021,
  url          = {{https://www.bafu.admin.ch/bafu/en/home/topics/economy-consumption/economy-and-consumption-publications/publications-economy-and-consumption/eco-factors-switzerland.html}},
  organization = {Federal Office for the Environment, Bern}
}
@ARTICLE{giampietro2014footprintstonowhere,
  title     = {Footprints to nowhere},
  author    = {Giampietro, Mario and Saltelli, Andrea},
  year      = 2014,
  journal   = {Ecological Indicators},
  publisher = {Elsevier {BV}},
  pages     = {610--621},
  doi       = {10.1016/j.ecolind.2014.01.030},
  issn      = {1470-160x},
  url       = {{http://doi.org/10.1016/j.ecolind.2014.01.030}}
}
@ARTICLE{giampietro2020cecritique,
  title     = {From elite folk science to the policy legend of the circular economy},
  author    = {Mario Giampietro and Silvio O. Funtowicz},
  year      = 2020,
  journal   = {Environmental Science \& Policy},
  publisher = {Elsevier {BV}},
  url       = {{https://doi.org/10.1016/j.envsci.2020.04.012}},
  doi       = {10.1016/j.envsci.2020.04.012}
}
@ARTICLE{graedel2011urbanmine,
  title     = {The prospects for urban mining},
  author    = {Graedel, Thomas E},
  journal   = {Bridge},
  volume    = {41},
  number    = {1},
  pages     = {43--50},
  year      = {2011},
  publisher = {Citeseer},
  url       = {{https://citeseerx.ist.psu.edu/document?repid=rep1&type=pdf&doi=3b07186f928bd4368b4db9d291683292d94b3723#page=45}}
}
@ARTICLE{graedel2015materials,
  title   = {On the materials basis of modern society},
  author  = {T. E. Graedel and E. M. Harper and N. T. Nassar and others},
  year    = 2015,
  journal = {Proceedings of the National Academy of Sciences},
  url     = {{https://doi.org/10.1073/pnas.1312752110}},
  doi     = {10.1073/pnas.1312752110}
}
@ARTICLE{guillotreau2023wastefootprint,
  title     = {{Quantifying plastic use and waste footprints in SIDS: Application to Seychelles}},
  author    = {Guillotreau, Patrice and Antoine, Sharif and Kante, Fatime and Perchat, Katrin},
  year      = 2023,
  journal   = {Journal of Cleaner Production},
  publisher = {Elsevier {BV}},
  pages     = 138018,
  doi       = {10.1016/j.jclepro.2023.138018},
  issn      = {0959-6526},
  url       = {{http://doi.org/10.1016/j.jclepro.2023.138018}}
}
@misc{guinee2002cml,
  title  = {Handbook on life cycle assessment. Operational guide to the ISO standards. I: LCA in perspective. IIa: Guide. IIb: Operational annex. III: Scientific background},
  author = {J. B. Guin\'{e}e and M. Gorr\'{e}e and R. Heijungs and others},
  year   = 2002,
  url    = {{https://www.universiteitleiden.nl/en/research/research-projects/science/cml-new-dutch-lca-guide}}
}
@ARTICLE{guinee2004economicallocation,
  title   = {Economic Allocation: Examples and Derived Decision Tree},
  author  = {Guin\'{e}e, J. B. and Heijungs, R. and Huppes, G.},
  year    = 2004,
  journal = {International Journal of Life Cycle Assessment},
  url     = {{https://doi.org/10.1007/BF02978533}},
  doi     = {10.1007/BF02978533}
}
@ARTICLE{guinee2011lca,
  title     = {Life Cycle Assessment: Past, Present, and Future},
  author    = {Guinée, Jeroen B. and Heijungs, Reinout and Huppes, Gjalt and Zamagni, Alessandra and others},
  year      = 2010,
  journal   = {Environmental Science \& Technology},
  publisher = {American Chemical Society (ACS)},
  pages     = {90--96},
  doi       = {10.1021/es101316v},
  issn      = {1520-5851},
  url       = {{http://doi.org/10.1021/es101316v}}
}
@ARTICLE{guinee2021wasteisnotaservice,
  title     = {Waste is not a service},
  author    = {Guinée, Jeroen B. and Heijungs, Reinout},
  year      = 2021,
  journal   = {The International Journal of Life Cycle Assessment},
  publisher = {Springer Science and Business Media LLC},
  pages     = {1538--1540},
  doi       = {10.1007/s11367-021-01955-5},
  issn      = {1614-7502},
  url       = {{http://doi.org/10.1007/s11367-021-01955-5}}
}
@misc{gunnar2023remind,
  title     = {REMIND - REgional Model of INvestments and Development},
  author    = {Luderer, Gunnar and Bauer, Nico and Baumstark, Lavinia and Bertram, Christoph and others},
  year      = 2023,
  publisher = {Zenodo},
  url       = {{https://zenodo.org/record/3730918}},
  copyright = {GNU Affero General Public License v3.0 or later},
  keywords  = {energy, economy, modeling},
  doi       = {10.5281/zenodo.10887223}
}
@ARTICLE{hartley2024cepolitics,
  title   = {Circular economy as crisis response: A primer},
  author  = {Hartley, Kris and Baldassarre, Brian and Kirchherr, Julian},
  year    = 2024,
  journal = {Journal of Cleaner Production},
  url     = {{https://doi.org/10.1016/j.jclepro.2023.140140}},
  doi     = {10.1016/j.jclepro.2023.140140}
}
@inproceedings{hauschild2003edip,
  title     = {Spatial differentiation in life cycle impact assessment - the {EDIP}-2003 methodology. Guidelines from the Danish {EPA}},
  author    = {Michael Zwicky Hauschild and Jos{\'e} Potting},
  year      = 2004,
  booktitle = {Environmental News},
  pages     = {1--195},
  publisher = {Danish Environmental Protection Agency},
  url       = {{https://api.semanticscholar.org/CorpusID:113556375}},
  doi       = {10.1016/j.jclepro.2023.140140}
}
@ARTICLE{hellweg2023lca,
  title   = {Life-cycle assessment to guide solutions for the triple planetary crisis},
  author  = {Hellweg, Stefanie and Benetto, Enrico and Huijbregts, Mark A. J. and Verones, Francesca and others},
  year    = 2023,
  journal = {Nature Reviews Earth \& Environment},
  url     = {{https://doi.org/10.1038/s43017-023-00449-2}},
  doi     = {10.1038/s43017-023-00449-2}
}
@ARTICLE{hool2023crm,
  title   = {Challenges and opportunities of the European Critical Raw Materials Act},
  author  = {Hool, Alessandra and Helbig, Christoph and Wierink, Gijsbert},
  year    = 2023,
  journal = {Mineral Economics},
  url     = {{https://doi.org/10.1007/s13563-023-00394-y}},
  doi     = {10.1007/s13563-023-00394-y}
}
@ARTICLE{huijbregts2010energyfootprint,
  title     = {Cumulative Energy Demand As Predictor for the Environmental Burden of Commodity Production},
  author    = {Huijbregts, Mark A. J. and Hellweg, Stefanie and Frischknecht, Rolf and Hendriks, Harrie W. M. and others},
  year      = 2010,
  journal   = {Environmental Science \& Technology},
  publisher = {American Chemical Society (ACS)},
  url       = {{http://doi.org/10.1021/es902870s}},
  doi       = {10.1021/es902870s}
}
@ARTICLE{huijbregts2016recipe,
  title   = {{ReCiPe2016}: a harmonised life cycle impact assessment method at midpoint and endpoint level},
  author  = {Huijbregts, Mark A. J. and Steinmann, Zoran J. N. and Elshout, Pieter M. F. and Stam, Gea and others},
  year    = 2016,
  journal = {The International Journal of Life Cycle Assessment},
  url     = {{https://doi.org/10.1007/s11367-016-1246-y}},
  doi     = {10.1007/s11367-016-1246-y}
}
@misc{huijbregts2016recipereport,
  title     = {{ReCiPe2016} : A harmonized life cycle impact assessment method at midpoint and endpoint level Report I: Characterization},
  author    = {Huijbregts MAJ and Steinmann ZJN and Elshout PMF and Stam G and others},
  year      = 2016,
  publisher = {Rijksinstituut voor Volksgezondheid en Milieu RIVM}
}
@misc{iea2022worldenergyoutlook,
  title        = {World Energy Outlook 2022},
  author       = {{International Energy Agency -- IEA}},
  year         = 2022,
  url          = {{https://iea.blob.core.windows.net/assets/830fe099-5530-48f2-a7c1-11f35d510983/WorldEnergyOutlook2022.pdf}},
  organization = {International Energy Agency -- IEA}
}
@misc{iea2023crm,
  title        = {Critical Minerals Market Review 2023},
  author       = {International Energy Agency -- IEA},
  year         = 2023,
  url          = {{https://www.iea.org/reports/critical-minerals-market-review-2023}},
  organization = {International Energy Agency -- IEA}
}
@dataset{iea2023crmdata,
  title        = {Critical Minerals Demand Dataset},
  author       = {International Energy Agency -- IEA},
  year         = 2023,
  url          = {{https://www.iea.org/data-and-statistics/data-product/critical-minerals-demand-dataset}},
  organization = {International Energy Agency -- IEA}
}
@misc{iea2023energytechperspectives,
  title        = {Energy Technology Perspectives 2023},
  author       = {International Energy Agency -- IEA},
  organization = {International Energy Agency -- IEA},
  year         = 2023,
  url          = {{https://www.oecd-ilibrary.org/energy/energy-technology-perspectives-2023_7c6b23db-en}},
  doi          = {10.1787/7c6b23db-en}
}
@ARTICLE{jaio2013wasteabsorbtionfootprint,
  title     = {The Waste Absorption Footprint {(WAF)}: A methodological note on footprint calculations},
  author    = {Jiao, Wenjun and Min, Qingwen and Cheng, Shengkui and Li, Wenhua},
  year      = 2013,
  journal   = {Ecological Indicators},
  publisher = {Elsevier {BV}},
  pages     = {356--360},
  doi       = {10.1016/j.ecolind.2013.05.024},
  issn      = {1470-160x},
  url       = {{http://doi.org/10.1016/j.ecolind.2013.05.024}}
}
@misc{jrc2022energyclimateoutlook,
  title        = {Global Energy and Climate Outlook 2022: Energy trade in a decarbonised world},
  author       = {Keramidas, K and Fosse, F and Diaz, Rincon A and Dowling, P and others},
  year         = 2022,
  publisher    = {Publications Office of the European Union},
  organization = {Joint Research Centre {(JRC)} and European Commission},
  url          = {{https://doi.org/10.2760/863694}},
  doi          = {10.2760/863694}
}
@misc{jrc2023supplychain,
  title        = {Supply chain analysis and material demand forecast in strategic technologies and sectors in the {EU} --- A foresight study},
  author       = {Carrara, Stefano and Bobba, Silvia and Blagoeva, Darina and Alves Dias, Patricia and others},
  year         = 2023,
  url          = {{https://doi.org/10.2760/334074}},
  organization = {Joint Research Centre {(JRC)} and European Commission},
  doi          = {10.2760/334074},
  publisher    = {Publications Office of the European Union}
}
@misc{jrc2023supplychaindata,
  title        = {Supply chain analysis and material demand forecast in strategic technologies and sectors in the {EU} --- A foresight study},
  author       = {Carrara Samuel and Bobba Silvia and Blagoeva Darina and Alves Dias Patricia and others},
  year         = 2023,
  url          = {{https://doi.org/10.5281/zenodo.7736782}},
  organization = {Joint Research Centre (JRC) and European Commission},
  doi          = {10.5281/zenodo.7736782},
  publisher    = {Publications Office of the European Union}
}
@book{kalantzakos2023crm,
  title     = {Critical Minerals, the Climate Crisis and the Tech Imperium},
  year      = 2023,
  journal   = {Archimedes},
  editor    = {Kalantzakos, Sophia},
  publisher = {Springer Nature Switzerland},
  isbn      = 9783031255779,
  issn      = {2215-0064},
  url       = {{https://doi.org/10.1007/978-3-031-25577-9}},
  doi       = {10.1007/978-3-031-25577-9}
}
@ARTICLE{lauran2020abioticdepletion,
  author  = {Oers, Lauran and Guinée, Jeroen and Heijungs, Reinout},
  year    = {2020},
  month   = {02},
  pages   = {},
  title   = {Abiotic resource depletion potentials (ADPs) for elements revisited—updating ultimate reserve estimates and introducing time series for production data},
  volume  = {25},
  journal = {The International Journal of Life Cycle Assessment},
  doi     = {10.1007/s11367-019-01683-x}
}
@ARTICLE{laurenti2012carbonfootprint,
  title     = {Limitations of Carbon Footprint as Indicator of Environmental Sustainability},
  author    = {Laurent, Alexis and Olsen, Stig I. and Hauschild, Michael Z.},
  year      = 2012,
  publisher = {American Chemical Society (ACS)},
  journal   = {Environmental Science \& Technology},
  url       = {{http://doi.org/10.1021/es204163f}},
  doi       = {10.1021/es204163f}
}
@ARTICLE{laurenti2016wastefootprint,
  title   = {Calculating the pre-consumer waste footprint: A screening study of 10 selected products},
  author  = {Laurenti, Rafael and Moberg, \AA{}sa and Stenmarck, \AA{}sa},
  year    = 2016,
  journal = {Waste Management \& Research: The Journal for a Sustainable Circular Economy},
  url     = {{https://doi.org/10.1177/0734242x16675686}},
  doi     = {10.1177/0734242x16675686}
}
@ARTICLE{laurenti2023wastefootprint,
  title   = {Analyzing the relationship between product waste footprints and environmental damage --- A life cycle analysis of 1,400+ products},
  author  = {Laurenti, R. and Demirer Demir, D. and Finnveden, G.},
  year    = 2023,
  journal = {Science of The Total Environment},
  url     = {{https://doi.org/10.1016/j.scitotenv.2022.160405}},
  doi     = {10.1016/j.scitotenv.2022.160405}
}
@ARTICLE{lenzen2022materialfootprint,
  title     = {Implementing the material footprint to measure progress towards Sustainable Development Goals 8 and 12},
  author    = {Lenzen, Manfred and Geschke, Arne and West, James and Fry, Jacob and others},
  year      = 2021,
  journal   = {Nature Sustainability},
  publisher = {Springer Science and Business Media LLC},
  pages     = {157--166},
  doi       = {10.1038/s41893-021-00811-6},
  issn      = {2398-9629},
  url       = {{http://doi.org/10.1038/s41893-021-00811-6}}
}
@misc{mancini2013supplysecurity,
  title        = {Security of supply and scarcity of raw materials: Towards a methodological framework for sustainability assessment},
  author       = {Mancini, Lucia and De Camillis, Camillo and Pennington, David},
  year         = 2013,
  url          = {{https://doi.org/10.2788/94926}},
  organization = {Joint Research Centre (JRC) and European Commission},
  publisher    = {Publications Office of the European Union},
  doi          = {10.2788/94926}
}
@manual{mcdowall2023T-reXdocs,
  title  = {{T-reX documentation}},
  author = {Stewart Charles McDowall},
  year   = 2023,
  url    = {{https://T-reX.readthedocs.io/en/latest/index.html}},
  note   = {(Accessed on 01/04/2024)}
}
@misc{mcdowall2023T-reXpipy,
  title  = {{T-reX · PyPI}},
  author = {Stewart Charles McDowall and Elizabeth Lanphear},
  year   = 2023,
  url    = {{https://pypi.org/project/T-reX/}},
  note   = {(Accessed on 01/04/2024)}
}
@misc{mcdowall2023T-reXzenodo,
  title     = {{T-reX}},
  author    = {McDowall, Stewart Charles and Lanphear, Elizabeth},
  year      = 2023,
  publisher = {Zenodo},
  url       = {{https://zenodo.org/doi/10.5281/zenodo.10431180}},
  note      = {(Accessed on 01/04/2024)}
}
@misc{mcdowall2024T-reXgithub,
  title  = {{T-reX: A program for Life Cycle Assessment {(LCA)} calculations of supply chain waste and material footprints}},
  author = {Stewart Charles McDowall},
  year   = 2024,
  url    = {{https://github.com/Stew-McD/T-reX}},
  note   = {(Accessed on 01/04/2024)}
}
@misc{morenoruiz2020,
  title        = {Documentation of changes implemented in ecoinvent database v3. 7 \& v3. 7.1},
  author       = {Moreno Ruiz, E. and others},
  year         = 2020,
  url          = {{https://ecoinvent.org/wp-content/uploads/2022/10/ChangeReportv3.9.pdf}},
  organization = {ecoinvent Association}
}
@ARTICLE{morseletto2020cetargets,
  title   = {Targets for a circular economy},
  author  = {Piero Morseletto},
  year    = 2020,
  journal = {Resources, Conservation and Recycling},
  url     = {{https://doi.org/10.1016/j.resconrec.2019.104553}},
  doi     = {10.1016/j.resconrec.2019.104553}
}
@misc{mutel2016brightway2analyzer,
  title  = {Brightway2-analyzer},
  author = {Mutel, C.},
  year   = 2016,
  url    = {{https://github.com/brightway-lca/brightway2-analyzer}},
  note   = {(Accessed on 01/12/2024)}
}
@ARTICLE{mutel2017brightway,
  title   = {Brightway: an open source framework for life cycle assessment},
  author  = {Mutel, C.},
  year    = 2017,
  journal = {Journal of Open Source Software},
  url     = {{https://doi.org/10.21105/joss.00236}},
  doi     = {10.21105/joss.00236}
}
@manual{mutel2017wurst,
  title  = {Wurst documentation},
  author = {Mutel, C.},
  year   = 2017,
  url    = {{https://buildmedia.readthedocs.org/media/pdf/wurst/stable/wurst.pdf}}
}
@misc{nl2016ceplan,
  title  = {A Circular Economy in the Netherlands by 2050},
  author = {{Government of the Netherlands}},
  year   = 2016,
  url    = {{https://circulareconomy.europa.eu/platform/sites/default/files/17037circulaireeconomie_en.pdf}}
}
@misc{nl2023ceplan,
  title  = {National Circular Economy Programme 2023-2030},
  author = {{Government of the Netherlands}},
  year   = 2023,
  url    = {{https://www.government.nl/binaries/government/documenten/reports/2023/09/27/national-circular-economy-programme-2023-2030/NPCE+Circulaire+Economie+rapport+Engels.pdf}}
}
@misc{oecd2015greengrowth,
  title  = {Material Resources, Productivity and the Environment},
  author = {{OECD}},
  year   = 2015,
  url    = {{https://www.oecd-ilibrary.org/environment/material-resources-productivity-and-the-environment_9789264190504-en}},
  doi    = {10.1787/9789264190504-en}
}
@ARTICLE{ogunseitan2023envjusticewaste,
  title     = {The Environmental Justice Agenda for E-Waste Management},
  author    = {Ogunseitan, Oladele A.},
  year      = 2023,
  journal   = {Environment: Science and Policy for Sustainable Development},
  publisher = {Informa UK Limited},
  pages     = {15--25},
  doi       = {10.1080/00139157.2023.2167457},
  issn      = {1939-9154},
  url       = {{http://doi.org/10.1080/00139157.2023.2167457}}
}
@misc{pardo2018ce,
  title        = {A Long-term Strategy for a European Circular Economy --- Setting the Course for Success},
  author       = {R. Pardo and J.P. Schweitzer},
  year         = 2018,
  note         = {Produced for the Think2030 project},
  organization = {Think2030},
  type         = {Policy Paper},
  url          = {{https://circulareconomy.europa.eu/platform/sites/default/files/think_2030_circular_economy.pdf}}
}
@misc{pbl2021ce,
  title        = {Possible Objectives for a Circular Economy: Summary of the Dutch policy brief {`Mogelijke doelen voor een Circulaire Economie'}},
  author       = {Hanemaaijer, Aldert and Kishna, Maikel and Koch, Julia and Prins, Anne Gerdien and others},
  year         = 2021,
  url          = {{https://www.pbl.nl/sites/default/files/downloads/pbl-2021-possible-objectives-for-a-circular-economy-4685.pdf}},
  organization = {PBL Netherlands Environmental Assessment Agency}
}
@incollection{pellow2023envjusticewaste,
  title     = {Environmental Justice},
  booktitle = {Handbook on Inequality and the Environment},
  author    = {N. Pellow, David},
  publisher = {Edward Elgar Publishing},
  pages     = {71--85},
  month     = jun,
  year      = 2023,
  doi       = {10.4337/9781800881136.00014},
  isbn      = 9781800881136,
  url       = {{http://doi.org/10.4337/9781800881136.00014}}
}
@ARTICLE{qinli2002recycling,
  title     = {Exploring recycling potential of rare, scarce, and scattered metals: Present status and future directions},
  author    = {Li, Fang-Qin and Wang, Peng and Chen, Wei and Chen, Wei-Qiang and others},
  year      = 2022,
  journal   = {Sustainable Production and Consumption},
  publisher = {Elsevier {BV}},
  url       = {{https://doi.org/10.1016/j.spc.2022.01.018}},
  doi       = {10.1016/j.spc.2022.01.018}
}
@ARTICLE{reike2018rex,
  title    = {The circular economy: New or Refurbished as CE 3.0? -- Exploring Controversies in the Conceptualization of the Circular Economy through a Focus on History and Resource Value Retention Options},
  author   = {Denise Reike and Walter J.V. Vermeulen and Sjors Witjes},
  year     = 2018,
  journal  = {Resources, Conservation and Recycling},
  doi      = {{10.1016/j.resconrec.2017.08.027}},
  note     = {Sustainable Resource Management and the Circular Economy},
  keywords = {Circular economy, Circularity, Closed-loop economy, Value preservation, Literature review},
  url      = {{https://doi.org/10.1016/j.resconrec.2017.08.027}}
}
@ARTICLE{Reinhard2019,
  title     = {Contribution-based prioritization of {LCI} database improvements: the most important unit processes in ecoinvent},
  author    = {Reinhard, J. and others},
  year      = 2019,
  journal   = {International Journal of Life Cycle Assessment},
  publisher = {Springer Science and Business Media LLC},
  url       = {{https://dx.doi.org/10.1007/s11367-019-01602-0}},
  doi       = {10.1007/s11367-019-01602-0}
}
@misc{remind2020model,
  title  = {{REMIND - REgional Model of INvestments and Development - Version 2.1.0}},
  author = {Tino Aboumahboub and Cornelia Auer and Nico Bauer and Lavinia Baumstark and others},
  year   = 2020,
  url    = {{https://www.pik-potsdam.de/research/transformation-pathways/models/remind}},
  doi    = {10.5281/zenodo.3730918}
}
 @ARTICLE{reuter2012recyclinglimits,
  title   = {Opportunities and limits of recycling: A dynamic-model-based analysis},
  author  = {Reuter, Markus and van Schaik, Antoinette},
  year    = 2012,
  journal = {MRS Bulletin},
  url     = {{https://dx.doi.org/10.1557/mrs.2012.57}},
  doi     = {10.1557/mrs.2012.57}
}


@ARTICLE{ridoutt2010wasteimpacts,
  title     = {The water footprint of food waste: case study of fresh mango in Australia},
  author    = {Ridoutt, B.G. and Juliano, P. and Sanguansri, P. and Sellahewa, J.},
  year      = 2010,
  journal   = {Journal of Cleaner Production},
  publisher = {Elsevier {BV}},
  pages     = {1714--1721},
  doi       = {10.1016/j.jclepro.2010.07.011},
  issn      = {0959-6526},
  url       = {{http://doi.org/10.1016/j.jclepro.2010.07.011}}
}
@ARTICLE{ridoutt2013footprints,
  title     = {Towards an Integrated Family of Footprint Indicators},
  author    = {Ridoutt, Bradley G. and Pfister, Stephan},
  year      = 2013,
  journal   = {Journal of Industrial Ecology},
  publisher = {Wiley},
  pages     = {337--339},
  doi       = {10.1111/jiec.12026},
  issn      = {1530-9290},
  url       = {{http://doi.org/10.1111/jiec.12026}}
}
@ARTICLE{sacchi2022premise,
  title   = {{PRospective EnvironMental Impact asSEment (premise): A streamlined approach to producing databases for prospective life cycle assessment using integrated assessment models}},
  author  = {Sacchi, R. and Terlouw, T. and Siala, K. and Dirnaichner, A. and others},
  year    = 2022,
  journal = {Renewable and Sustainable Energy Reviews},
  url     = {{http://doi.org/10.1016/j.rser.2022.112311}},
  doi     = {10.1016/j.rser.2022.112311}
}
@misc{sacchi2023premisedocs,
  title   = {{premise | Documentation}},
  author  = {Sacchi, Romain and Terlouw, Tom and Siala, Kais and Dirnaichner, Alois and others},
  year    = 2023,
  url     = {{https://premise.readthedocs.io/}},
  version = {1.4.2}
}
@ARTICLE{salviulo2021supplychain,
  title   = {Enabling Circular Economy: The Overlooked Role of Inorganic Materials Chemistry},
  author  = {Salviulo, Gabriella and Lavagnolo, Maria Cristina and Dabal\`{a}, Manuele and Bernardo, Enrico and others},
  year    = 2021,
  journal = {Chemistry --- A European Journal},
  url     = {{https://dx.doi.org/10.1002/chem.202002844}},
  doi     = {10.1002/chem.202002844}
}
 @ARTICLE{schaffartzik2013mfafootprint,
  title     = {{Consumption--based Material Flow Accounting: Austrian Trade and Consumption in Raw Material Equivalents 1995--2007}},
  author    = {Schaffartzik, Anke and Eisenmenger, Nina and Krausmann, Fridolin and Weisz, Helga},
  year      = 2013,
  journal   = {Journal of Industrial Ecology},
  publisher = {Wiley},
  pages     = {102--112},
  doi       = {10.1111/jiec.12055},
  issn      = {1530-9290},
  url       = {{http://doi.org/10.1111/jiec.12055}}
}
 @ARTICLE{sonderegger2020mineralsinlca,
  title     = {Mineral resources in life cycle impact assessment—part I: a critical review of existing methods},
  volume    = {25},
  issn      = {1614-7502},
  url       = {{http://doi.org/10.1007/s11367-020-01736-6}},
  doi       = {{10.1007/s11367-020-01736-6}},
  number    = {4},
  journal   = {The International Journal of Life Cycle Assessment},
  publisher = {Springer Science and Business Media LLC},
  author    = {Sonderegger, Thomas and Berger, Markus and Alvarenga, Rodrigo and Bach, Vanessa and Cimprich, Alexander and Dewulf, Jo and Frischknecht, Rolf and Guinée, Jeroen and Helbig, Christoph and Huppertz, Tom and Jolliet, Olivier and Motoshita, Masaharu and Northey, Stephen and Rugani, Benedetto and Schrijvers, Dieuwertje and Schulze, Rita and Sonnemann, Guido and Valero, Alicia and Weidema, Bo P. and Young, Steven B.},
  year      = {2020},
  month     = feb,
  pages     = {784--797}
}

@ARTICLE{ssp2020ghg,
  title   = {The shared socio-economic pathway {(SSP)} greenhouse gas concentrations and their extensions to 2500},
  author  = {Meinshausen, M. and Nicholls, Z. R. J. and Lewis, J. and Gidden, M. J. and others},
  year    = 2020,
  journal = {Geoscientific Model Development},
  url     = {{https://dx.doi.org/10.5194/gmd-13-3571-2020}},
  doi     = {10.5194/gmd-13-3571-2020}
}
@misc{stehfest2014image,
  title     = {Integrated assessment of global environmental change with {IMAGE} 3.0: Model description and policy applications},
  author    = {Stehfest, Elke and van Vuuren, Detlef and Bouwman, Lex and Kram, Tom and others},
  year      = 2014,
  isbn      = {978-94-91506-71-0},
  publisher = {Netherlands Environmental Assessment Agency (PBL)},
  url       = {{https://www.pbl.nl/en/publications/integrated-assessment-of-global-environmental-change-with-image-30-model-description-and-policy-applications#specifications}}
}
@ARTICLE{steinmann2017resourcefootprints,
  title   = {Resource Footprints are Good Proxies of Environmental Damage},
  author  = {Steinmann, Zoran J. N. and Schipper, Aafke M. and Hauck, Mara and Giljum, Stefan and others},
  year    = 2017,
  journal = {Environmental Science \& Technology},
  url     = {{https://dx.doi.org/10.1021/acs.est.7b00698}},
  doi     = {10.1021/acs.est.7b00698}
}
@ARTICLE{steubing2020activitybrowser,
  title   = {The {Activity Browser} --- An open source LCA software building on top of the brightway framework},
  author  = {Steubing, Bernhard and de Koning, Daniel and Haas, Adrian and Mutel, Christopher Lucien},
  year    = 2020,
  journal = {Software Impacts},
  url     = {{http://doi.org/10.1016/j.simpa.2019.100012}},
  doi     = {10.1016/j.simpa.2019.100012}
}
@book{su2020sustainableproddev,
  title     = {Sustainable Product Development: Tools, Methods and Examples},
  year      = 2020,
  editor    = {Su, Daizhong},
  publisher = {Springer International Publishing},
  doi       = {10.1007/978-3-030-39149-2},
  isbn      = 9783030391492,
  url       = {{http://doi.org/10.1007/978-3-030-39149-2}}
}
@ARTICLE{towa2020wastefootprint,
  title     = {Input-output models and waste management analysis: A critical review},
  author    = {Towa, Edgar and Zeller, Vanessa and Achten, Wouter M.J.},
  year      = 2020,
  journal   = {Journal of Cleaner Production},
  publisher = {Elsevier {BV}},
  pages     = 119359,
  doi       = {10.1016/j.jclepro.2019.119359},
  issn      = {0959-6526},
  url       = {{http://doi.org/10.1016/j.jclepro.2019.119359}}
}

@ARTICLE{vanham2019footprints,
  title   = {Environmental footprint family to address local to planetary sustainability and deliver on the {SDGs}},
  author  = {Vanham, Davy and Leip, Adrian and Galli, Alessandro and Kastner, Thomas and others},
  year    = 2019,
  journal = {Science of The Total Environment},
  url     = {{http://doi.org/10.1016/j.scitotenv.2019.133642}},
  doi     = {10.1016/j.scitotenv.2019.133642}
}
@misc{wackernagel1994ecologicalfootprint,
  title     = {Ecological footprint and appropriated carrying capacity : a tool for planning toward sustainability},
  author    = {Wackernagel, Mathis},
  year      = 1994,
  publisher = {University of British Columbia},
  doi       = {10.14288/1.0088048},
  url       = {{http://doi.org/10.14288/1.0088048}},
  language  = {en},
  note      = {PhD Thesis}
}
@ARTICLE{weidmann2013materialfootprint,
  title     = {The material footprint of nations},
  author    = {Wiedmann, Thomas O. and Schandl, Heinz and Lenzen, Manfred and Moran, Daniel and others},
  year      = 2013,
  journal   = {Proceedings of the National Academy of Sciences},
  publisher = {Proceedings of the National Academy of Sciences},
  pages     = {6271--6276},
  doi       = {10.1073/pnas.1220362110},
  issn      = {1091-6490},
  url       = {{http://doi.org/10.1073/pnas.1220362110}}
}
@ARTICLE{wiedmann2018materialfootprint,
  title     = {Environmental and social footprints of international trade},
  author    = {Wiedmann, Thomas and Lenzen, Manfred},
  year      = 2018,
  journal   = {Nature Geoscience},
  publisher = {Springer Science and Business Media LLC},
  pages     = {314--321},
  doi       = {10.1038/s41561-018-0113-9},
  issn      = {1752-0908},
  url       = {{http://doi.org/10.1038/s41561-018-0113-9}}
}
@incollection{wu2020lcia,
  title     = {Review of Life Cycle Impact Assessment {(LCIA)} Methods and Inventory Databases},
  author    = {Wu, You and Su, Daizhong},
  year      = 2020,
  booktitle = {Sustainable Product Development: Tools, Methods and Examples},
  publisher = {Springer International Publishing},
  pages     = {39--55},
  doi       = {10.1007/978-3-030-39149-2_3},
  isbn      = 9783030391492,
  url       = {{http://doi.org/10.1007/978-3-030-39149-2\%5F3}}
}