@article{arvidsson2020csi,
	author    = {Arvidsson, Rickard and Söderman, Maria Ljunggren and Sandén, Björn A. and Nordelöf, Anders and André, Hampus and Tillman, Anne-Marie},
	doi       = {10.1007/s11367-020-01781-1},
	issn      = {1614-7502},
	journal   = {The International Journal of Life Cycle Assessment},
	month     = jun,
	number    = {9},
	pages     = {1805–1817},
	publisher = {Springer Science and Business Media LLC},
	title     = {A crustal scarcity indicator for long-term global elemental resource assessment in LCA},
	url       = {http://dx.doi.org/10.1007/s11367-020-01781-1},
	volume    = {25},
	year      = {2020},
}
 @article{ayres1997recycling,
	author    = {Ayres, Robert U},
	doi       = {10.1016/s0921-3449(97)00033-5},
	journal   = {Resources, Conservation and Recycling},
	publisher = {Elsevier BV},
	title     = {Metals recycling: economic and environmental implications},
	url       = {http://dx.doi.org/10.1016/S0921-3449(97)00033-5},
	year      = 1997,
}

 @article{ayres1998recycling,
	author    = {Ayres, Robert U},
	doi       = {10.1016/s0921-8009(98)00098-6},
	journal   = {Ecological Economics},
	publisher = {Elsevier BV},
	title     = {The second law, the fourth law, recycling and limits to growth},
	url       = {http://dx.doi.org/10.1016/S0921-8009(98)00098-6},
	year      = 1999,
}

@inbook{berry2023crm,
	author    = {Berry, Chris},
	booktitle = {Critical Minerals, the Climate Crisis and the Tech Imperium},
	isbn      = {9783031255779},
	issn      = {2215-0064},
	pages     = {107–123},
	publisher = {Springer Nature Switzerland},
	title     = {The Paradox of Green Growth: Challenges and Opportunities in Decarbonizing the Lithium-Ion Supply Chain},
	year      = {2023},
}

@article{beylot2018,
	author  = {Beylot, A. and Muller, S. and Descat, M. and Ménard, Y. and Villeneuve, J.},
	doi     = {10.1016/j.wasman.2018.08.037},
	journal = {Waste Management},
	pages   = {1-14},
	title   = {Life cycle assessment of the French municipal solid waste incineration sector},
	url     = {https://doi.org/10.1016/j.wasman.2018.08.037},
	volume  = {2018},
	year    = {2018},
}

@article{calistofriant2021ce,
	author  = {Martin {Calisto Friant} and Walter J.V. Vermeulen and Roberta Salomone},
	doi     = {https://doi.org/10.1016/j.spc.2020.11.001},
	journal = {Sustainable Production and Consumption},
	title   = {Analysing European Union circular economy policies: words versus actions},
	url     = {https://www.sciencedirect.com/science/article/pii/S2352550920313750},
	year    = 2021,
}

@misc{cen2019en15804,
	author = {CEN/TC 350},
	title  = {EN 15804 Sustainability of construction works - Environmental product declarations - Core rules for the product category of construction products},
	year   = {2019},
}

@misc{ellenmacarthur2015ce,
	author = {MacArthur, Ellen},
	title  = {Towards a circular economy: Business rationale for an accelerated transition},
	url    = {https://emf.thirdlight.com/file/24/_A-BkCs_h7gfln_Am1g_JKe2t9/Towards%20a%20circular%20economy%3A%20Business%20rationale%20for%20an%20accelerated%20transition.pdf},
	year   = 2015,
}

@misc{eu2003weee,
	author       = {European Commission},
	organization = {European Commission},
	title        = {Directive 2002/96/EC Of The European Parliament and of The Council of 27 January 2003 on waste electrical and electronic equipment (WEEE)},
	url          = {http://eur-lex.europa.eu/LexUriServ/LexUriServ.do?uri=OJ:L:2003:037:0024:0038:en:PDF},
	year         = 2003,
}

@misc{eu2008wastedirective,
	author       = {European Commission},
	organization = {European Commission},
	title        = {Directive 2008/98/EC of the European Parliament and of the Council of 19 November 2008 on waste and repealing certain Directives (Text with EEA relevance)},
	url          = {https://eur-lex.europa.eu/legal-content/EN/TXT/PDF/?uri=CELEX:32008L0098},
	year         = 2008,
}

@misc{eu2012weee,
	author       = {European Commission},
	organization = {European Commission},
	title        = {Directive 2012/19/EU of the European Parliament and of the council of 4 July 2012 on waste electrical and electronic equipment (WEEE) text with EEA relevance},
	url          = {http://eur-lex.europa.eu/LexUriServ/LexUriServ.do?uri=OJ:L:2012:197:0038:0071:EN:PDF},
	year         = 2012,
}
@misc{eu2012weeerecast,
	author       = {European Commission},
	organization = {European Commission},
	title        = {Directive 2012/19/EU of the European Parliament and of the council of 4 July 2012 on waste electrical and electronic equipment (WEEE) (recast)},
	url          = {https://eur-lex.europa.eu/legal-content/EN/TXT/?uri=CELEX:32012L0019},
	year         = 2012,
}
@misc{eu2015reman,
	author    = {Parker, David and Riley, Kate and Robinson, Seigo and Symington, Harry and Tewson, Jane and Jansson, Kim and Ramkumar, Shyaam and Peck, David},
	publisher = {European Remanufacturing Network (ERN)},
	title     = {Remanufacturing market study},
	url       = {https://www.remanufacturing.eu/assets/pdfs/remanufacturing-market-study.pdf},
	year      = 2015,
}
@misc{eu2018cemonitoring,
	author  = {European Commission},
	note    = {COM (2018) 29 Final},
	title   = {Communication from the Commission to the European Parliament, the Council, the European Economic and Social Committee and the Committee of the Regions on a Monitoring Framework for the Circular Economy},
	url     = {https://eur-lex.europa.eu/legal-content/EN/TXT/?qid=1516265440535&uri=COM:2018:29:FIN},
	urldate = {2018-11-02},
	year    = 2018,
}
@misc{eu2019greendeal,
	author       = {European Commission},
	organization = {European Commission},
	title        = {The European Green Deal},
	url          = {https://eur-lex.europa.eu/legal-content/EN/TXT/?uri=COM:2019:640:FIN},
	year         = 2019,
}
@misc{eu2021crmscoreboard,
	author    = {European Commission and Directorate-General for Internal Market, Industry, Entrepreneurship and SMEs},
	doi       = {doi/10.2873/567799},
	publisher = {Publications Office},
	title     = {3rd Raw Materials Scoreboard – European innovation partnership on raw materials},
	url       = {https://op.europa.eu/o/opportal-service/download-handler?identifier=eb052a18-c1f3-11eb-a925-01aa75ed71a1&format=pdf&language=en&productionSystem=cellar&part=},
	year      = 2021,
}
@techreport{eu2022ecodesign,
	author      = {European Union},
	institution = {European Commission},
	title       = {Proposal for Ecodesign for Sustainable Products Regulation: Establishing a framework for setting ecodesign requirements for sustainable products and repealing Directive 2009/125/EC},
	url         = {https://environment.ec.europa.eu/publications/proposal-ecodesign-sustainable-products-regulation_en},
	year        = {2022},
}
@misc{eu2022repair,
	author    = {Spiliotopoulos, Christoforos and Duflou, Joost and Alfieri, Felice and La Placa, Maria Grazia and Laps, Emma and Bolanos Arriola, Julieta and Flipsen, Bas and Faludi, Jeremi and Balkenende, Ruud and others},
	publisher = {European Commission, Joint Research Centre (JRC)},
	title     = {Product reparability scoring system: Specific application to smartphones and slate tablets},
	year      = 2022,
}
@misc{eu2023cemonitoring,
	author = {European Commission},
	note   = {SWD/2023/306 final},
	title  = {Commission Staff Working Document: Measuring Progress towards Circular Economy in the European Union – Key Indicators for a Revised Monitoring Framework Accompanying the Document Communication from the Commission to the European Parliament, the Council, the European Economic and Social Committee and the Committee of the Regions on a Revised Monitoring Framework for the Circular Economy},
	type   = {Staff Working Document},
	url    = {https://eur-lex.europa.eu/legal-content/EN/TXT/PDF/?uri=CELEX:52023SC0306},
	year   = 2023,
}
 @misc{eu2023crmact,
	author       = {European Commission},
	organization = {European Commission},
	title        = {European Critical Raw Materials Act},
	url          = {https://single-market-economy.ec.europa.eu/publications/european-critical-raw-materials-act_en},
	year         = 2023,
}


@online{eu2023crmqna,
	author       = {European Commission},
	organization = {European Commission},
	title        = {Questions and Answers: The European Critical Raw Materials Act},
	url          = {https://ec.europa.eu/commission/presscorner/detail/en/qanda_23_1662},
	year         = 2023,
}
@misc{eu2023crmstudy,
	author       = {European Commission and Directorate-General for Internal Market, Industry, Entrepreneurship and SMEs and Grohol, M and Veeh, C},
	doi          = {10.2873/725585},
	organization = {European Commission},
	publisher    = {Publications Office of the European Union},
	title        = {Study on the critical raw materials for the EU 2023 --– Final report},
	url          = {https://data.europa.eu/doi/10.2873/725585},
	year         = 2023,
}
@techreport{foen2021ecofactors,
	author      = {{Federal Office for the Environment (FOEN)}},
	institution = {Federal Office for the Environment, Bern},
	title       = {Swiss Eco-Factors 2021 according to the Ecological Scarcity Method: Methodological fundamentals and their application in Switzerland},
	url         = {https://www.bafu.admin.ch/bafu/en/home/topics/economy-consumption/economy-and-consumption-publications/publications-economy-and-consumption/eco-factors-switzerland.html},
	year        = {2021},
}
@article{giampietro2020cecritique,
	author    = {Mario Giampietro and Silvio O. Funtowicz},
	doi       = {10.1016/j.envsci.2020.04.012},
	journal   = {Environmental Science \& Policy},
	publisher = {Elsevier {BV}},
	title     = {From elite folk science to the policy legend of the circular economy},
	url       = {https://doi.org/10.1016%2Fj.envsci.2020.04.012},
	year      = 2020,
}
@article{graedel2011urbanmine,
	author    = {Graedel, Thomas E},
	journal   = {Bridge},
	publisher = {Citeseer},
	title     = {The prospects for urban mining},
	url       = {https://citeseerx.ist.psu.edu/document?repid=rep1&type=pdf&doi=3b07186f928bd4368b4db9d291683292d94b3723#page=45},
	year      = 2011,
}
@article{graedel2011urbanmine,
	author    = {Graedel, Thomas E},
	journal   = {Bridge},
	publisher = {Citeseer},
	title     = {The prospects for urban mining},
	url       = {https://citeseerx.ist.psu.edu/document?repid=rep1&type=pdf&doi=3b07186f928bd4368b4db9d291683292d94b3723#page=45},
	year      = 2011,
}
@article{graedel2015materials,
	author  = {T. E. Graedel and E. M. Harper and N. T. Nassar and others},
	doi     = {10.1073/pnas.1312752110},
	journal = {Proceedings of the National Academy of Sciences},
	title   = {On the materials basis of modern society},
	url     = {https://doi.org/10.1073/pnas.1312752110},
	year    = 2015,
}
@article{graedel2015materials,
	author  = {T. E. Graedel and E. M. Harper and N. T. Nassar and others},
	doi     = {10.1073/pnas.1312752110},
	journal = {Proceedings of the National Academy of Sciences},
	title   = {On the materials basis of modern society},
	url     = {https://doi.org/10.1073/pnas.1312752110},
	year    = 2015,
}
@misc{guinee2002cml,
	author = {J. B. Guinée and M. Gorrée and R. Heijungs and others},
	title  = {Handbook on life cycle assessment. Operational guide to the ISO standards. I: LCA in perspective. IIa: Guide. IIb: Operational annex. III: Scientific background},
	url    = {https://www.universiteitleiden.nl/en/research/research-projects/science/cml-new-dutch-lca-guide},
	year   = {2002},
}
@article{guinee2004economicallocation,
	author  = {Guinée, J. B. and Heijungs, R. and Huppes, G.},
	doi     = {10.1007/BF02978533},
	journal = {International Journal of Life Cycle Assessment},
	number  = {1},
	pages   = {23--33},
	title   = {Economic Allocation: Examples and Derived Decision Tree},
	volume  = {9},
	year    = {2004},
}
@article{guinee2021wasteisnotaservice,
	author    = {Guinée, Jeroen and Heijungs, Reinout},
	doi       = {10.1007/s11367-021-01955-5},
	issn      = {1614-7502},
	journal   = {The International Journal of Life Cycle Assessment},
	month     = aug,
	number    = {8},
	pages     = {1538–1540},
	publisher = {Springer Science and Business Media LLC},
	title     = {Waste is not a service},
	url       = {http://dx.doi.org/10.1007/s11367-021-01955-5},
	volume    = {26},
	year      = {2021},
}
@article{hartley2024cepolitics,
	author    = {Hartley, Kris and Baldassarre, Brian and Kirchherr, Julian},
	doi       = {10.1016/j.jclepro.2023.140140},
	issn      = {0959-6526},
	journal   = {Journal of Cleaner Production},
	month     = jan,
	pages     = {140140},
	publisher = {Elsevier BV},
	title     = {Circular economy as crisis response: A primer},
	url       = {http://dx.doi.org/10.1016/j.jclepro.2023.140140},
	volume    = {434},
	year      = {2024},
}
@inproceedings{hauschild2003edip,
	author = {Michael Zwicky Hauschild and Jos{\'e} Potting},
	title  = {Spatial differentiation in life cycle impact assessment - the EDIP-2003 methodology. Guidelines from the Danish EPA},
	url    = {https://api.semanticscholar.org/CorpusID:113556375},
	year   = {2004},
}
@article{hellweg2023lca,
	author    = {Hellweg, Stefanie and Benetto, Enrico and Huijbregts, Mark A. J. and Verones, Francesca and Wood, Richard},
	doi       = {10.1038/s43017-023-00449-2},
	issn      = {2662-138X},
	journal   = {Nature Reviews Earth &amp; Environment},
	month     = jul,
	number    = {7},
	pages     = {471–486},
	publisher = {Springer Science and Business Media LLC},
	title     = {Life-cycle assessment to guide solutions for the triple planetary crisis},
	url       = {http://dx.doi.org/10.1038/s43017-023-00449-2},
	volume    = {4},
	year      = {2023},
}
@article{hool2023crm,
	author  = {Hool, Alessandra and Helbig, Christoph and Wierink, Gijsbert},
	doi     = {10.1007/s13563-023-00394-y},
	journal = {Mineral Economics},
	title   = {Challenges and opportunities of the European Critical Raw Materials Act},
	url     = {10.1007/s13563-023-00394-y},
	year    = 2023,
}
@article{huijbregts2016recipe,
	author    = {Huijbregts, Mark A. J. and Steinmann, Zoran J. N. and Elshout, Pieter M. F. and Stam, Gea and Verones, Francesca and Vieira, Marisa and Zijp, Michiel and Hollander, Anne and van Zelm, Rosalie},
	doi       = {10.1007/s11367-016-1246-y},
	issn      = {1614-7502},
	journal   = {The International Journal of Life Cycle Assessment},
	month     = dec,
	number    = {2},
	pages     = {138–147},
	publisher = {Springer Science and Business Media LLC},
	title     = {ReCiPe2016: a harmonised life cycle impact assessment method at midpoint and endpoint level},
	url       = {http://dx.doi.org/10.1007/s11367-016-1246-y},
	volume    = {22},
	year      = {2016},
}
@misc{huijbregts2016recipereport,
	author    = {Huijbregts MAJ and Steinmann ZJN and Elshout PMF and Stam G and Verones F and Vieira MDM and Hollander A and Zijp M and van Zelm R},
	publisher = {Rijksinstituut voor Volksgezondheid en Milieu RIVM},
	title     = {ReCiPe 2016 : A harmonized life cycle impact assessment method at midpoint and endpoint level Report I: Characterization},
	url       = {http://hdl.handle.net/10029/620793},
	year      = {2016},
}
@misc{iea2022worldenergyoutlook,
	author       = {International Energy Agency (IEA)},
	organization = {International Energy Agency (IEA)},
	title        = {World Energy Outlook 2022},
	url          = {https://iea.blob.core.windows.net/assets/830fe099-5530-48f2-a7c1-11f35d510983/WorldEnergyOutlook2022.pdf},
	year         = 2022,
}
@dataset{iea2022worldenergyoutlookdata,
	author       = {International Energy Agency (IEA)},
	organization = {International Energy Agency (IEA)},
	title        = {World Energy Outlook 2022},
	url          = {https://iea.blob.core.windows.net/assets/830fe099-5530-48f2-a7c1-11f35d510983/WorldEnergyOutlook2022.pdf},
	year         = 2022,
}
@misc{iea2023crm,
	author       = {International Energy Agency (IEA)},
	organization = {International Energy Agency (IEA)},
	title        = {Critical Minerals Market Review 2023},
	url          = {https://www.iea.org/reports/critical-minerals-market-review-2023},
	year         = 2023,
}
@dataset{iea2023crmdata,
	author       = {International Energy Agency (IEA)},
	organization = {International Energy Agency (IEA)},
	title        = {Critical Minerals Demand Dataset},
	url          = {https://www.iea.org/data-and-statistics/data-product/critical-minerals-demand-dataset},
	year         = 2023,
}
@misc{iea2023energytechperspectives,
	author = {International Energy Agency (IEA)},
	doi    = {10.1787/7c6b23db-en},
	title  = {Energy Technology Perspectives 2023},
	url    = {https://www.oecd-ilibrary.org/content/publication/7c6b23db-en},
	year   = 2023,
}
@techreport{jrc2022energyclimateoutlook,
	author    = {Keramidas K and Fosse F and Diaz Rincon A and Dowling P and Garaffa R and Ordonez J and Russ P and Schade B and Schmitz A and Soria Ramirez A and Vandyck T and Weitzel M},
	doi       = {10.2760/863694 (online)},
	publisher = {Publications Office of the European Union},
	title     = {Global Energy and Climate Outlook 2022: Energy trade in a decarbonised world},
	type      = {Policy assessment},
	year      = 2022,
}
@misc{jrc2023supplychain,
	author      = {Carrara, Stefano and Bobba, Silvia and Blagoeva, Darina and Alves Dias, Patricia and Cavalli, Alessandro and Georgitzikis, Konstantinos and Grohol, Michal and Itul, Andreea and Kuzov, Tsvetomir and Latunussa, Cynthia and Lyons, Liam and Malano, Giuseppe and Maury, Trine and Prior Arce, Amanda and Somers, Jo and Telsnig, Thomas and Veeh, Christos and Wittmer, Dominic and Black, Charlotte and Pennington, David and Christou, Michail},
	doi         = {10.2760/334074},
	institution = {Publications Office of the European Union},
	title       = {Supply chain analysis and material demand forecast in strategic technologies and sectors in the EU – A foresight study},
	url         = {https://publications.jrc.ec.europa.eu/repository/bitstream/JRC132889/JRC132889_01.pdf},
	year        = 2023,
}
@misc{jrc2023supplychaindata,
	author      = {Carrara Samuel and Bobba Silvia and Blagoeva Darina and Alves Dias Patricia and Cavalli Alessandro and Georgitzikis Konstantinos and Grohol Milan and Itul Anca and Kuzov Teodor and Latunussa Cynthia and Lyons Lorcan and Malano Giorgia and Maury Thibaut and Prior Arce Angel and Somers Julian and Telsnig Thomas and Veeh Constanze and Wittmer Dominic and Black Catriona and Pennington David and Christou Michalis},
	doi         = {10.5281/zenodo.7736782},
	institution = {Publications Office of the European Union},
	title       = {Supply chain analysis and material demand forecast in strategic technologies and sectors in the EU – A foresight study},
	url         = {https://doi.org/10.5281/zenodo.7736782},
	year        = 2023,
}
@book{kalantzakos2023crm,
	doi       = {10.1007/978-3-031-25577-9},
	isbn      = {9783031255779},
	issn      = {2215-0064},
	journal   = {Archimedes},
	publisher = {Springer Nature Switzerland},
	title     = {Critical Minerals, the Climate Crisis and the Tech Imperium},
	url       = {http://dx.doi.org/10.1007/978-3-031-25577-9},
	year      = {2023},
}
@article{laurenti2016wastefootprint,
	author    = {Laurenti, Rafael and Moberg, Åsa and Stenmarck, Åsa},
	doi       = {10.1177/0734242x16675686},
	issn      = {1096-3669},
	journal   = {Waste Management &amp; Research: The Journal for a Sustainable Circular Economy},
	month     = nov,
	number    = {1},
	pages     = {65–78},
	publisher = {SAGE Publications},
	title     = {Calculating the pre-consumer waste footprint: A screening study of 10 selected products},
	url       = {http://dx.doi.org/10.1177/0734242X16675686},
	volume    = {35},
	year      = {2016},
}
@article{laurenti2023wastefootprint,
	author  = {Laurenti, R. and Demirer Demir, D. and Finnveden, G.},
	doi     = {10.1016/j.scitotenv.2022.160405},
	journal = {Science of The Total Environment},
	pages   = {160405},
	title   = {Analyzing the relationship between product waste footprints and environmental damage – A life cycle analysis of 1,400+ products},
	url     = {https://doi.org/10.1016/j.scitotenv.2022.160405},
	volume  = {859},
	year    = {2023},
}
@misc{mancini2013supplysecurity,
	author       = {Mancini, Lucia and De Camillis, Camillo and Pennington, David},
	doi          = {10.2788/94926},
	organization = {European Commission},
	title        = {Security of supply and scarcity of raw materials: Towards a methodological framework for sustainability assessment},
	url          = {https://eplca.jrc.ec.europa.eu/uploads/RawMat-scarcity-of-raw-materials.pdf},
	year         = 2013,
}
@techreport{morenoruiz2020,
	author      = {Moreno Ruiz, E. and others},
	institution = {ecoinvent Association},
	title       = {Documentation of changes implemented in ecoinvent database v3. 7 & v3. 7.1},
	url         = {https://ecoinvent.org/wp-content/uploads/2022/10/ChangeReportv3.9.pdf},
	year        = {2020},
}
@article{morseletto2020cetargets,
	author  = {Piero Morseletto},
	doi     = {10.1016/j.resconrec.2019.104553},
	journal = {Resources, Conservation and Recycling},
	title   = {Targets for a circular economy},
	url     = {https://www.sciencedirect.com/science/article/pii/S0921344919304598},
	year    = 2020,
}
@article{mutel2017brightway,
	author  = {Mutel, C.},
	doi     = {10.21105/joss.00236},
	journal = {Journal of Open Source Software},
	number  = {12},
	pages   = {236},
	title   = {Brightway: an open source framework for life cycle assessment},
	volume  = {2},
	year    = {2017},
}
@manual{mutel2017wurst,
	author = {Mutel, C.},
	title  = {Wurst documentation},
	url    = {https://buildmedia.readthedocs.org/media/pdf/wurst/stable/wurst.pdf},
	year   = {2017},
}
@misc{nl2016ceplan,
	author = {Government of the Netherlands},
	title  = {A Circular Economy in the Netherlands by 2050},
	url    = {https://circulareconomy.europa.eu/platform/sites/default/files/17037circulaireeconomie_en.pdf},
	year   = 2016,
}
@misc{nl2023ceplan,
	author = {Government of the Netherlands},
	title  = {National Circular Economy Programme 2023-2030},
	url    = {https://www.government.nl/binaries/government/documenten/reports/2023/09/27/national-circular-economy-programme-2023-2030/NPCE+Circulaire+Economie+rapport+Engels.pdf},
	year   = 2023,
}
@misc{oecd2015greengrowth,
	author = {OECD},
	doi    = {https://doi.org/https://doi.org/10.1787/9789264190504-en},
	isbn   = 9789264190498,
	title  = {Material Resources, Productivity and the Environment},
	url    = {https://www.oecd-ilibrary.org/content/publication/9789264190504-en},
	year   = 2015,
}
@misc{pardo2018ce,
	author      = {R. Pardo and J.P. Schweitzer},
	institution = {Think2030},
	note        = {Produced for the Think2030 project},
	title       = {A Long-term Strategy for a European Circular Economy – Setting the Course for Success},
	type        = {Policy Paper},
	year        = 2018,
}
 @misc{pbl2021ce,
	author      = {Hanemaaijer, Aldert and Kishna, Maikel and Koch, Julia and Prins, Anne Gerdien and Wilting, Harry},
	institution = {PBL Netherlands Environmental Assessment Agency},
	title       = {Possible Objectives for a Circular Economy: Summary of the Dutch policy brief ‘Mogelijke doelen voor een Circulaire Economie’},
	url         = {https://www.pbl.nl/sites/default/files/downloads/pbl-2021-possible-objectives-for-a-circular-economy-4685.pdf},
	year        = 2021,
}

 @article{qinli2002recycling,
	author    = {Li, Fang-Qin and Wang, Peng and Chen, Wei and Chen, Wei-Qiang and Wen, Bo-jie and Dai, Tao},
	doi       = {10.1016/j.spc.2022.01.018},
	journal   = {Sustainable Production and Consumption},
	publisher = {Elsevier BV},
	title     = {Exploring recycling potential of rare, scarce, and scattered metals: Present status and future directions},
	url       = {http://dx.doi.org/10.1016/j.spc.2022.01.018},
	year      = 2022,
}

 @article{reike2018rex,
	author   = {Denise Reike and Walter J.V. Vermeulen and Sjors Witjes},
	doi      = {https://doi.org/10.1016/j.resconrec.2017.08.027},
	journal  = {Resources, Conservation and Recycling},
	keywords = {Circular economy, Circularity, Closed-loop economy, Value preservation, Literature review},
	note     = {Sustainable Resource Management and the Circular Economy},
	title    = {The circular economy: New or Refurbished as CE 3.0? — Exploring Controversies in the Conceptualization of the Circular Economy through a Focus on History and Resource Value Retention Options},
	url      = {https://www.sciencedirect.com/science/article/pii/S0921344917302756},
	year     = 2018,
}
@article{Reinhard2019,
	author  = {Reinhard, J. and others},
	journal = {International Journal of Life Cycle Assessment},
	pages   = {1778--1792},
	title   = {Contribution-based prioritization of LCI database improvements: the most important unit processes in ecoinvent},
	volume  = {24},
	year    = {2019},
}
 @misc{remind2020model,
	author = {Tino Aboumahboub and Cornelia Auer and Nico Bauer and Lavinia Baumstark and Christoph Bertram and Stephen Bi and Jan Dietrich and Alois Dirnaichner and Anastasis Giannousakis and Markus Haller and Jerome Hilaire and David Klein and Johannes Koch and Alexander Körner and Elmar Kriegler and Marian Leimbach and Antoine Levesque and Alexander Lorenz and Gunnar Luderer and Sylvie Ludig and Michael Lüken and Aman Malik and Susanne Manger and Leon Merfort and Ioanna Mouratiadou and Michaja Pehl and Robert Pietzker and Franziska Piontek and Laura Popin and Sebastian Rauner and Renato Rodrigues and Niklas Roming and Marianna Rottoli and Eva Schmidt and Felix Schreyer and Anselm Schultes and Björn Sörgel and Jessica Strefler and Falko Ueckerdt},
	title  = {REMIND - REgional Model of INvestments and Development - Version 2.1.0},
	url    = {https://www.pik-potsdam.de/research/transformation-pathways/models/remind},
	year   = 2020,
}

 @article{reuter2012recyclinglimits,
	author    = {Reuter, Markus and van Schaik, Antoinette},
	doi       = {10.1557/mrs.2012.57},
	journal   = {MRS Bulletin},
	publisher = {Springer Science and Business Media LLC},
	title     = {Opportunities and limits of recycling: A dynamic-model-based analysis},
	url       = {http://dx.doi.org/10.1557/mrs.2012.57},
	year      = 2012,
}

@article{salviulo2021supplychain,
	author    = {Salviulo, Gabriella and Lavagnolo, Maria Cristina and Dabalà, Manuele and Bernardo, Enrico and Polimeno, Antonino and Sambi, Mauro and Bonollo, Franco and Gross, Silvia},
	doi       = {10.1002/chem.202002844},
	issn      = {1521-3765},
	journal   = {Chemistry – A European Journal},
	month     = mar,
	number    = {22},
	pages     = {6676–6695},
	publisher = {Wiley},
	title     = {Enabling Circular Economy: The Overlooked Role of Inorganic Materials Chemistry},
	url       = {http://dx.doi.org/10.1002/chem.202002844},
	volume    = {27},
	year      = {2021},
}

@article{ssp2020ghg,
	author  = {Meinshausen, M. and Nicholls, Z. R. J. and Lewis, J. and Gidden, M. J. and Vogel, E. and Freund, M. and Beyerle, U. and Gessner, C. and Nauels, A. and Bauer, N. and Canadell, J. G. and Daniel, J. S. and John, A. and Krummel, P. B. and Luderer, G. and Meinshausen, N. and Montzka, S. A. and Rayner, P. J. and Reimann, S. and Smith, S. J. and van den Berg, M. and Velders, G. J. M. and Vollmer, M. K. and Wang, R. H. J.},
	doi     = {10.5194/gmd-13-3571-2020},
	journal = {Geoscientific Model Development},
	title   = {The shared socio-economic pathway (SSP) greenhouse gas concentrations and their extensions to 2500},
	url     = {https://gmd.copernicus.org/articles/13/3571/2020/},
	year    = 2020,
}

@article{steinmann2017resourcefootprints,
	author    = {Steinmann, Zoran J. N. and Schipper, Aafke M. and Hauck, Mara and Giljum, Stefan and Wernet, Gregor and Huijbregts, Mark A. J.},
	doi       = {10.1021/acs.est.7b00698},
	issn      = {1520-5851},
	journal   = {Environmental Science &amp; Technology},
	month     = may,
	number    = {11},
	pages     = {6360–6366},
	publisher = {American Chemical Society (ACS)},
	title     = {Resource Footprints are Good Proxies of Environmental Damage},
	url       = {http://dx.doi.org/10.1021/acs.est.7b00698},
	volume    = {51},
	year      = {2017},
}